1880 3245
825 160 1118 204 -34-

352 264 403 303 In
427 278 549 305 versu
579 268 662 304 604
694 265 841 305 deinde
872 266 1039 306 fidicina
1061 265 1342 319 Acropolistis,
1374 266 1485 321 quod
1509 265 1709 318 Pasiphae

233 347 328 374 nem
369 333 577 374 hominem
617 334 679 376 illi
722 333 908 385 ignotum
950 338 1111 389 patrem
1150 335 1228 376 sibi
1270 334 1573 385 vindicaverat,
1614 348 1707 375 cum

235 403 353 443 Circe
384 404 663 456 componitur:
939 395 941 397 ¹
1100 429 1105 435 ·
1422 456 1426 460 Α

282 472 362 512 Abi
393 474 514 514 modo
544 474 655 514 intro
685 476 810 527 atque
840 473 948 514 hanc
978 473 1151 515 adserva
1181 473 1351 525 Circam,
1381 473 1489 514 Solis
1519 474 1659 515 filiam.

231 544 371 596 Atque
392 537 551 583 Circam
572 542 700 582 filiam
721 542 827 582 Solis
848 556 948 592 esse,
981 546 1173 583 narratur
1202 543 1247 583 in
1277 542 1399 582 Hom.
1423 542 1498 583 od.
1524 543 1576 592 Κ,
1601 544 1705 583 136:

233 605 359 663 ἄμφω
380 612 486 665 (scil.
508 611 625 653 Circe
646 614 689 652 et
710 611 877 664 Aeetes)
910 605 945 651 δ’
969 606 1188 666 ἐκγεγάτην
1208 606 1516 665 φαεσιμβρότου
1536 606 1703 664 ἠελίοιο.

234 682 284 722 cf.
317 686 532 734 praeterea
562 682 731 722 Hesiod.
763 681 900 732 theog.
924 681 1024 723 957.
1083 681 1243 723 Deinde
1273 684 1444 735 propter
1473 668 1604 723 amin
1630 682 1704 723 ho·

231 752 388 792 minum
434 753 588 803 figuras
629 752 815 792 mutandi
861 752 1097 792 nominatur
1148 764 1171 790 a
1210 750 1436 792 Cassandra
1475 750 1520 791 in
1562 750 1704 803 Eurip.

232 821 379 862 Troad.
413 824 523 862 438:
1711 845 1714 848 ·

448 890 644 945 Λίγυστίς
675 887 717 931 θ’
752 885 780 942 ἦ
811 891 923 930 συῶν
948 884 1189 944 μορφώτρια
1212 888 1359 942 Κίρκη.
1420 888 1539 933 Quod
1568 894 1706 932 autam

234 961 381 1000 summi
413 960 609 1002 momenti
641 964 715 1009 est,
747 960 792 1000 in
825 960 1034 1012 Aristoph.
1067 959 1175 999 Plut.
1199 962 1294 999 v300
1326 973 1424 1014 eqs„
1454 959 1525 1000 ubi
1557 959 1705 1000 Carion

234 1044 376 1071 servus
405 1044 606 1084 pauperes
637 1029 837 1081 agricolas
868 1028 1019 1070 divites
1059 1029 1148 1069 fore
1178 1028 1410 1078 nuntiavit,
1454 1029 1526 1069 ille
1557 1029 1705 1069 Oarion

235 1100 516 1153 componitur,
560 1100 667 1154 quod
699 1098 845 1139 nuntio
886 1113 955 1139 eos
988 1098 1137 1140 divites
1167 1099 1323 1139 fecerat
1360 1112 1413 1139 ex
1443 1099 1706 1151 pauperibus,

234 1183 325 1209 cum
358 1170 475 1210 Circe
504 1169 579 1209 tali
614 1169 758 1209 modos

447 1234 525 1292 ἐγώ
557 1234 601 1277 δὲ
631 1232 707 1289 τὴν
739 1236 899 1292 Κίρκην
928 1250 971 1291 γε
1000 1232 1075 1289 τὴν
1104 1233 1154 1277 τοὶ
1185 1232 1367 1292 φάρμακ’
1398 1234 1684 1289 ἀνακυκῶσαν,

446 1303 473 1358 ἢ
502 1302 600 1354 τούς
629 1303 816 1361 ἑταίρους
846 1306 920 1346 τοῦ
954 1305 1186 1348 Φιλωνίδου
1217 1302 1305 1347 ποτ’
1337 1306 1381 1347 ἐν
1416 1306 1611 1363 Κορίνθῳ

446 1375 603 1417 ἔπεισεν
632 1369 690 1423 αἷς
720 1371 842 1424 ὄντας
872 1371 1077 1429 κάπρους-ᾳ

448 1443 703 1500 μεμαγμένον
731 1447 842 1497 σκῶρ
875 1443 1043 1494 ἐσθίειν,
1076 1442 1182 1496 αὐτὴ
1213 1439 1246 1485 δ’
1278 1443 1442 1496 ἔματτεν
1472 1443 1626 1494 αὐτοῖς,

446 1511 670 1567 μιμήσομαι
715 1510 873 1562 πάντας
914 1510 1105 1568 τρόπους.
1168 1519 1382 1569 praeterea
1419 1517 1560 1559 confer
1595 1517 1706 1560 Ana-

233 1586 344 1627 xilae
375 1585 607 1626 comoediae
637 1582 851 1627 KIPKHC
880 1586 1154 1635 fragmentum
1185 1585 1327 1637 (Mein.
1359 1585 1438 1625 ΙΙΙ.
1471 1584 1574 1638 343)
1610 1580 1706 1632 τούς

236 1652 307 1707 μὲν
339 1650 607 1708 ὄρειονόμους
649 1648 767 1706 ὑμῶν
813 1650 973 1707 ποιήσει
1016 1650 1222 1705 §samninus
1252 1649 1494 1708 ἠλιβάτους,
1537 1650 1632 1703 τούς
1663 1652 1706 1695 δὲ

237 1721 473 1778 πανθήρας,
512 1720 655 1771 ἄλλους
687 1720 897 1778 ἀγρώστας
916 1721 1079 1774 λύκους,
1111 1722 1285 1771 λεόντας.
1347 1726 1494 1778 Itaque
1524 1725 1705 1775 fidicina,

234 1808 340 1849 quae
372 1795 647 1848 Periphanem
688 1794 734 1833 in
777 1807 893 1834 suum
924 1798 1083 1846 patrem
1114 1797 1364 1843 mutaverat,
1408 1796 1587 1847 perbene
1619 1795 1706 1837 Gir·

236 1879 305 1906 cae
339 1865 581 1915 cognomine
613 1863 749 1903 deludi
787 1864 934 1915 potuit.

351 1933 451 1972 Tum
494 1933 536 1971 in
569 1946 693 1974 versu
725 1932 808 1971 673
841 1932 943 1972 alter
986 1946 1113 1972 senex
1144 1933 1370 1984 Apoecides
1400 1933 1507 1984 petit
1535 1947 1560 1973 a
1589 1933 1705 1973 Peri-

231 2004 387 2055 phane,
421 2016 473 2041 ne
505 2003 678 2042 adducat
707 2002 943 2053 Epidicum,
974 2015 1063 2042 cum
1095 2002 1167 2042 ille
1197 2003 1251 2044 sit
1279 2004 1400 2044 homo
1432 2003 1705 2055 perniciosus:

290 2074 435 2125 Apage
466 2073 582 2112 illum
614 2086 638 2112 a
665 2085 752 2119 -mc,
795 2085 888 2112 nam
918 2072 989 2112 ille
1020 2072 1184 2126 quidem
1216 2073 1385 2114 Volcani
1416 2073 1551 2113 iratist
1580 2074 1707 2122 filium

291 2143 464 2197 Quaqua
494 2142 638 2194 tangit,
671 2155 790 2182 omne
820 2142 1008 2183 amburit.
1042 2155 1169 2194 prope
1199 2142 1285 2192 siet,
1317 2147 1432 2183 aestu
1461 2143 1657 2184 calefacit.

349 2215 616 2265 Comparatur
647 2225 742 2263 ergo
774 2212 969 2265 Epidicus
999 2226 1088 2253 cum
1121 2212 1235 2263 igne,
1269 2212 1339 2265 qui
1371 2214 1587 2255 secuudum
1619 2214 1707 2255 vol·
1734 2261 1737 2265 .

239 2286 370 2334 gatam
403 2283 514 2321 illam
545 2282 848 2336 metonymiam,
891 2282 941 2321 de
971 2295 1053 2335 qua
1083 2294 1206 2333 supra
1236 2281 1404 2332 egimus,
1435 2283 1604 2323 Volcani
1635 2297 1707 2326 vo-

238 2355 353 2393 catur
383 2351 512 2398 filius;
551 2353 686 2401 potest
725 2354 860 2391 autem
901 2351 1009 2400 fieri,
1051 2353 1098 2392 ut
1128 2353 1260 2391 certus
1291 2350 1398 2392 filius
1432 2352 1599 2393 Volcani
1630 2355 1708 2395 hoc

235 2424 325 2462 loco
356 2421 619 2472 respiciatur3
663 2423 786 2473 atque
826 2424 995 2472 propter
1026 2420 1152 2460 illud:
1196 2433 1357 2474 quaqua
1393 2422 1545 2473 tangit,
1588 2436 1707 2464 omne

237 2491 438 2548 amburit:
475 2489 648 2530 forsitan
678 2489 827 2543 aliquis
858 2490 1036 2542 cogitare
1066 2489 1197 2541 possit
1225 2491 1274 2529 de
1304 2491 1542 2543 Spinthere,
1586 2506 1706 2547 quem

236 2563 365 2601 filium
398 2561 566 2601 Volcani
609 2572 698 2599 esse
730 2559 921 2611 Hyginus
960 2561 1005 2599 in
1033 2559 1159 2598 fabul.
1198 2562 1276 2598 158
1307 2560 1424 2601 testis
1453 2565 1537 2610 est,
1568 2575 1707 2615 quam-

237 2645 357 2685 quam
389 2632 467 2670 hoc
497 2643 581 2669 non
611 2642 685 2681 pro
716 2642 814 2670 vero
845 2629 1057 2669 venditare
1086 2628 1202 2678 volo,
1242 2642 1335 2669 nam
1354 2633 1503 2682 potest
1531 2643 1621 2672 esse
1649 2631 1708 2671 fa·

235 2702 332 2742 bula
361 2701 480 2741 nobis
509 2699 607 2740 satis
636 2700 789 2751 ignota.
