1880 3245
792 189 1083 233 -59-

210 295 384 338 aetatem
410 306 541 341 novae
570 294 800 334 comoediae
819 295 887 335 vel
916 307 1021 348 quae
1048 299 1167 336 antea
1187 300 1259 346 est,
1290 311 1380 337 cum
1411 310 1540 349 nuper
1570 297 1673 336 Bue-

207 364 394 405 chelerus
424 364 670 405 mentionem
701 363 949 404 Poticiorum
980 365 1113 415 gentis
1143 366 1186 405 in
1216 367 1402 407 Bacchid.
1433 382 1470 407 v.
1500 371 1577 407 123
1609 367 1669 406 fe-

206 434 278 474 lici
307 446 383 474 acu
412 433 606 474 radicitus
646 447 719 473 suo
750 433 838 473 iure
863 433 1078 474 deleverit.
1140 435 1347 475 Habemus
1387 438 1493 476 enim
1534 436 1577 475 in
1607 437 1669 475 fa-

208 502 317 542 bulis
349 503 596 542 mentionem
628 502 865 553 Agathoclis
895 502 1021 555 (Men.
1051 503 1108 541 H.
1142 507 1190 551 3,
1225 503 1318 555 58),
1347 505 1455 555 regis
1485 505 1667 556 Philippi

206 572 336 623 (Pers.
369 571 492 624 389),
535 571 757 611 Alexandri
788 571 927 622 magni
967 584 1049 611 una
1089 585 1178 611 cum
1210 574 1433 623 Agathocle
1476 573 1666 625 (Mostell.

210 640 330 692 775),
371 654 513 691 regum
543 641 726 692 Philippi
767 645 808 681 et
838 640 986 680 Darii
1027 641 1182 693 (Aulul.
1216 641 1308 692 86),
1348 641 1525 682 Seleucis
1562 643 1668 695 (Mil.

206 711 307 762 glor.
332 710 416 763 74),
449 709 646 750 Demetrii
677 710 842 762 (Pseud.
876 710 991 763 912),
1021 710 1217 750 Hieronis
1247 711 1373 762 (Men.
1407 710 1521 764 410),
1555 711 1670 752 Solo-

205 780 270 820 nis
299 780 434 832 (Asin.
466 781 546 821 111.
579 784 617 829 8,
650 781 714 833 9),
745 780 921 820 Socratis
951 779 1157 831 (Pseudol.
1189 781 1312 832 465),
1346 780 1524 821 Thaletis
1555 783 1668 834 (Cap.

207 850 322 902 244),
347 850 514 890 *Jasonis
543 850 748 902 (Pseudol.
785 850 906 903 193),
947 850 1018 904 qui
1048 851 1135 890 sine
1167 851 1289 891 dubio
1320 855 1519 902 tyrannus
1557 852 1670 890 urbis

205 920 427 959 Pherai-um
458 920 539 960 fuit
567 920 728 960 saeculo
759 923 904 974 quarto
945 919 1076 960 clarus
1107 923 1274 971 propter
1303 920 1467 974 divitias
1482 951 1492 969 ‚
1535 924 1671 959 errant

205 988 343 1039 igitur,
375 989 446 1043 qui
476 1003 551 1041 pro
582 989 764 1030 codicum
793 989 968 1030 lectione
997 989 1181 1030 inserant
1207 990 1428 1037 Jasionem,
1458 993 1672 1040 propterea

206 1058 317 1110 quod
347 1058 418 1098 illo
450 1059 538 1099 loco
569 1058 700 1099 Ballio
731 1072 917 1110 magnam
955 1059 1149 1099 frumenti
1192 1059 1350 1111 copiam
1390 1060 1541 1098 habere
1571 1057 1670 1097 dici-

204 1132 275 1168 tur
305 1132 347 1168 et
364 1128 506 1168 Jasion
536 1129 579 1168 in
610 1129 863 1182 mythologie
893 1128 1153 1179 coniungitur
1184 1142 1273 1168 cum
1295 1130 1452 1177 Cerere,
1483 1129 1557 1167 dea
1585 1128 1669 1166 fru-

205 1198 332 1237 menti
364 1201 406 1237 et
436 1203 616 1248 segetum
629 1213 638 1246 ;
669 1199 740 1238 sed
769 1199 874 1238 hanc
903 1199 1046 1239 falsam
1077 1211 1165 1238 esse
1186 1199 1294 1238 viam
1323 1197 1671 1249 interpretationis

202 1266 280 1305 iam
313 1265 408 1307 inde
440 1272 630 1319 apparet,
673 1269 781 1321 quod
810 1268 855 1307 in
884 1268 956 1308 illo
996 1281 1117 1309 versu
1147 1268 1337 1308 Plautino
1377 1267 1500 1307 Iason
1542 1268 1669 1315 ,‚rex⁴‘

204 1336 438 1377 nominatur
479 1341 521 1377 et
548 1337 687 1377 Iasion
726 1350 946 1390 numquam
991 1351 1065 1377 rex
1106 1341 1180 1377 est.
1251 1337 1409 1376 Deinde
1446 1337 1668 1387 cogitemus

204 1405 327 1445 velim
348 1406 597 1446 mentionem
618 1401 770 1459 ἀνδρός
790 1407 1001 1446 πολιτικοῦ
1021 1407 1198 1460 Lycurgi
1229 1406 1391 1460 (Bacch.
1417 1406 1515 1458 111)
1547 1419 1668 1459 quem

203 1468 507 1516 Brachmannus
547 1477 591 1515 in
621 1477 748 1517 altero
781 1477 1075 1517 dissertationis
1106 1490 1300 1525 excursu,
1347 1477 1390 1515 ni
1428 1476 1548 1516 fallor
1587 1475 1667 1515 ioci

204 1556 342 1594 causa,
384 1546 575 1596 exposuit
614 1559 696 1585 non
726 1546 841 1584 illum
884 1549 1085 1585 oratorem
1116 1546 1378 1585 clarissimum
1410 1558 1520 1594 esse,
1559 1544 1666 1597 quod

204 1606 380 1654 Heierus
419 1615 446 1653 1.
477 1615 503 1654 1.
546 1616 698 1664 voluit,
739 1628 881 1656 verum
922 1615 1037 1654 illum
1067 1615 1280 1655 Thracium
1321 1627 1458 1664 regem
1500 1614 1580 1652 iam
1623 1614 1667 1651 in

204 1682 317 1733 Capt.
348 1697 388 1723 v.
422 1687 505 1723 562
536 1684 807 1733 nominatum,
851 1697 940 1724 cum
981 1684 1153 1725 Romani
1194 1684 1309 1723 illum
1353 1687 1553 1724 oratorem
1584 1683 1664 1735 Ly-

204 1765 370 1803 curgum
402 1767 485 1794 non
516 1754 816 1805 cognovissent.
876 1755 955 1794 Sed
985 1755 1159 1805 primum
1191 1754 1352 1809 quidem
1383 1752 1667 1806 interpretatio

202 1822 313 1862 illius
351 1823 429 1862 loci
474 1826 579 1864 bene
610 1824 780 1876 quadrat
819 1825 863 1863 in
894 1824 1124 1876 Lycurgum
1157 1828 1378 1872 oratorem,
1422 1823 1567 1862 deinde
1597 1835 1666 1860 au-

203 1897 285 1932 tem
315 1893 476 1944 saepius
519 1906 639 1948 quam
671 1894 795 1934 semel
832 1895 1000 1934 adnotat
1038 1894 1207 1934 Plautus
1243 1894 1428 1934 homines
1473 1891 1667 1932 Romanis

202 1962 319 2002 valde
350 1959 521 2014 ignotas.
584 1967 648 2002 An
680 1977 725 2003 re
755 1977 853 2004 vera
881 1968 1180 2016 perspexerunt
1209 1963 1405 2012 Romani,
1437 1963 1529 2015 quis
1560 1965 1668 2001 esset

203 2030 334 2071 Clinia
362 2033 430 2073 vel
460 2033 690 2074 Demetrius
717 2034 762 2073 in
792 2034 863 2074 illo
903 2034 1049 2074 Bacch.
1081 2036 1161 2073 911
1195 2046 1338 2074 versu:

377 2102 491 2142 Satin
523 2107 604 2153 est,
647 2104 680 2144 si
719 2104 837 2155 plura
865 2117 918 2143 ex
949 2117 1012 2143 me
1044 2104 1181 2144 audiet
1209 2103 1331 2143 hodie
1362 2102 1465 2141 mala

294 2196 297 2199 Δ
378 2171 509 2214 Quam
541 2174 698 2214 audivit
727 2187 919 2227 umquam
948 2174 1081 2213 Clinia
1115 2187 1168 2212 ex
1197 2173 1434 2213 Demetrio?

203 2240 424 2281 Praeterea
462 2242 680 2283 Stratonici
720 2243 988 2292 mentionem,
1034 2256 1155 2297 quam
1198 2244 1423 2295 reperimus
1474 2242 1518 2280 in
1560 2241 1663 2281 Rud.

202 2323 242 2349 v.
274 2314 375 2359 932,
407 2313 642 2352 testimonio
673 2317 746 2362 est,
778 2313 967 2353 Plautum
989 2313 1185 2353 Romanis
1214 2326 1297 2352 non
1328 2316 1443 2352 notas
1473 2324 1664 2363 personas

201 2392 255 2419 ex
285 2380 459 2421 Graecae
491 2383 696 2422 comoedia
726 2382 992 2423 transtulisse.
1066 2381 1196 2424 Quam
1237 2382 1455 2423 Stratonici
1493 2381 1663 2420 mentio-

203 2462 295 2488 nem
325 2450 406 2491 viri
448 2451 555 2491 docti
586 2452 716 2491 adhuc
754 2464 837 2491 non
867 2454 1206 2502 penetraverunt,
1246 2464 1338 2490 nam
1370 2451 1547 2491 Meierus
1576 2449 1604 2489 l.
1635 2450 1662 2488 1.

199 2518 301 2559 alios
323 2520 456 2572 Plauti
476 2521 719 2573 interpretes
740 2524 901 2560 secutus
922 2521 1031 2569 dicit,
1062 2521 1332 2561 Stratonicum
1353 2521 1478 2560 fuisse
1498 2520 1663 2573 utrique

201 2593 242 2627 et
272 2589 463 2640 Philippo
502 2594 545 2629 et
574 2590 805 2629 Alexandro
846 2602 991 2639 magno
1024 2593 1295 2642 quaestorem,
1338 2589 1452 2628 cuius
1495 2588 1664 2629 divitiae

201 2659 309 2709 apud
338 2659 513 2700 Graecos
548 2673 630 2700 non
661 2659 780 2700 aliter
809 2662 931 2713 atque
960 2659 1092 2699 Crassi
1123 2660 1230 2711 apud
1260 2659 1466 2699 Romanos
1495 2658 1540 2698 in
1569 2672 1664 2710 pro-

204 2727 394 2786 verbium
424 2730 624 2771 abierunt.
684 2729 762 2769 Sed
793 2729 977 2783 quamvis
1014 2729 1149 2769 dedita
1193 2742 1316 2782 opera
1350 2729 1395 2769 in
1433 2730 1541 2770 hanc
1578 2743 1665 2770 rem
