1880 3245
809 159 1073 202 —5-

201 267 325 305 rebus
346 267 521 315 illorum,
554 267 603 305 ad
636 268 744 319 quod
776 279 904 317 genus
934 266 1133 305 comicum
1164 265 1375 316 provocati
1405 270 1503 306 sunt
1531 267 1678 317 poetae

203 335 345 375 comici
368 335 601 386 tragoediis,
632 335 676 375 in
704 335 853 389 quibus
883 334 978 374 illae
1008 335 1172 375 fabulae
1202 348 1256 374 ex
1286 334 1676 387 mythologice-m—

205 410 300 456 ptae
331 406 691 455 componebantur.
750 404 830 444 Sed
860 418 986 444 unum
1017 404 1094 444 hac
1133 405 1177 444 in
1207 416 1253 443 re
1281 404 1554 447 necessarium
1585 416 1675 445 esse

204 474 389 523 videtur,
430 475 538 528 quod
570 470 730 514 summi‘
746 474 941 514 momenti
971 477 1057 522 est,
1096 478 1258 524 poetam
1289 485 1357 512 eas
1387 486 1454 515 res
1482 473 1678 525 praesori-

204 545 314 593 bere,
346 556 452 597 quae
483 544 541 583 eis
572 543 642 596 qui
673 544 923 594 spectabant,
953 556 1037 581 non
1067 543 1254 593 ignotae,
1285 543 1356 582 sed
1384 542 1452 583 vel
1481 555 1535 582 ex
1565 543 1679 585 loeti-

201 615 326 653 tando
358 613 425 653 vel
468 625 521 651 ex
551 612 752 652 audiendo
786 611 1029 670 *notissimae
1067 612 1247 651 fuerunt.
1318 611 1436 654 Quod
1477 611 1678 663 imprimis

201 682 327 722 fuisse
358 682 464 733 apud
496 681 673 722 Graecos
711 681 861 721 saeculi
892 681 1027 735 quinti
1067 685 1110 721 et
1153 681 1289 735 quarti
1332 693 1677 733 supervacaneum

203 756 267 791 est
297 765 462 791 monere
477 783 487 800 ,
519 764 614 791 nam
645 759 749 791 unus
780 750 954 804 quisque
985 751 1299 792 Atheniensium
1330 754 1503 793 noverat
1532 755 1675 802 poetas

202 820 381 871 tragicos
411 820 568 873 pan-iae
597 823 722 874 atque
751 820 912 859 fabulas
954 821 1006 859 ab
1048 820 1107 859 eis
1148 820 1191 859 in
1224 820 1444 871 tragoediis
1472 823 1677 862 tractatas.

203 894 343 944 Atque
372 891 452 930 hoc
481 890 720 941 praesertim
750 891 946 941 probatur
976 891 1203 940 fragmento
1234 889 1486 941 Antiphanis
1516 903 1677 930 comoe-

202 960 304 1009 diae,
337 960 401 999 cui
433 964 496 999 est
525 959 670 999 titulus
700 958 879 1009 ποίησις,
911 960 981 999 ubi
1012 960 1204 1010 leguntur
1233 960 1408 999 haecce:

483 1023 711 1081 Μακάριόν
741 1026 849 1068 ἐστιν
880 1023 908 1079 ἦ
937 1028 1143 1083 τραγῳδία

488 1098 658 1149 Ποίημα
687 1094 791 1137 και-ἂ
821 1093 953 1147 πάντ’,
986 1096 1066 1151 εἴγε
1086 1099 1252 1151 πρῶτον
1283 1096 1325 1139 οἰ
1352 1093 1465 1151 λόγοι

481 1161 584 1207 ‘Yazd
614 1168 696 1207 ταῖν
725 1168 890 1207 θεατόν
920 1165 1022 1208 εἰσὶν
1053 1165 1355 1221 ἐγνωρισμένοι,

489 1234 599 1289 Πρὶν
629 1234 700 1276 καὶ
729 1232 800 1276 τιν’
837 1235 986 1276 εἰπεῖν·
1019 1232 1074 1283 οἷς
1104 1231 1339 1288 ὑπομνῆσαι
1366 1232 1493 1287 μόνον

485 1308 562 1345 Δεῖ
587 1300 659 1345 τὸν
690 1300 875 1356 ποιητήν.
942 1303 1144 1345 Οἰδίπουν
1179 1301 1257 1358 γὰρ
1288 1300 1341 1344 ἄν
1371 1291 1501 1356 μόνον
1566 1345 1573 1350 ,

489 1376 579 1423 Φοῖ,
610 1370 731 1415 τᾶλλα
763 1370 879 1415 πάντ’
912 1374 1067 1415 ἴσασιν·
1101 1369 1126 1415 o‘
1155 1370 1289 1428 πατὴρ
1321 1371 1457 1422 Λάϊος
1486 1389 1571 1429 eqs.
1650 1401 1656 1408 ·

205 1445 344 1498 itaque
376 1458 574 1497 personae
601 1446 835 1497 tragoediae
864 1446 932 1486 vel
952 1446 1147 1486 historiae
1167 1445 1363 1486 fabularis
1392 1445 1437 1485 in
1458 1445 1678 1496 tragoediis

203 1516 431 1567 descriptae
463 1529 582 1555 nemo
603 1516 683 1556 fuit
705 1529 825 1569 quem
847 1517 1049 1567 fugerent,
1079 1529 1161 1570 quo
1196 1516 1347 1556 factum
1379 1519 1452 1565 est,
1484 1520 1530 1557 ut
1550 1515 1676 1555 Athe-

203 1584 367 1625 nienses
406 1599 499 1625 cum
541 1586 585 1624 in
619 1586 836 1625 comoediis
874 1586 984 1626 vitae
1016 1586 1241 1626 cotidianae
1272 1589 1523 1636 comparatas
1552 1584 1676 1625 vidis-

205 1658 299 1694 sent
327 1668 522 1706 personas
555 1669 644 1695 cum
674 1656 890 1705 heroibus,
933 1656 1033 1696 talia
1062 1655 1454 1707 paratragodumena
1472 1654 1675 1706 perspice-

202 1729 316 1773 rent,
359 1729 406 1764 ut
443 1724 526 1763 illis
557 1724 663 1764 risus
697 1725 954 1764 excitaretur.
1017 1723 1131 1766 Quae
1167 1737 1233 1763 res
1263 1737 1359 1764 num
1392 1724 1451 1763 ita
1481 1737 1523 1764 se
1552 1724 1675 1764 habe-

200 1799 293 1834 rent
323 1794 430 1845 apud
461 1795 668 1834 Romanos
707 1808 799 1834 cum
847 1794 891 1833 in
926 1793 1145 1834 comoediis
1175 1793 1377 1834 Plautinis
1417 1796 1676 1833 occurrerent

204 1865 327 1903 rebus
357 1877 411 1916 ex
440 1864 685 1903 Graecorum
716 1863 888 1903 historia
915 1863 1090 1902 fabulari
1122 1863 1315 1914 sumptis,
1355 1863 1671 1904 examinandum

204 1933 304 1973 mihi
327 1933 534 1984 proposui.
597 1931 727 1975 Quam
750 1932 1077 1986 disquisitionem
1106 1935 1153 1972 ut
1181 1932 1435 1973 instituerem
1466 1935 1673 1984 permotus

202 2015 291 2042 sum
333 2015 408 2053 per
448 2003 549 2041 duos
588 2002 699 2043 viros
730 2002 888 2050 doctos,
934 2014 1105 2054 quorum
1148 2002 1375 2042 sententiae
1413 2002 1542 2043 altera
1580 2015 1672 2043 cum

201 2072 328 2112 altera
357 2075 544 2123 pugnant
573 2084 707 2125 neque
737 2084 929 2125 umquam
961 2071 1149 2122 componi
1181 2076 1365 2124 possunt.
1424 2075 1562 2125 Atque
1591 2071 1673 2123 pri-

204 2157 312 2181 mum
343 2142 508 2196 quidem
530 2142 804 2192 Kiesslingius
834 2141 879 2181 in
910 2141 1080 2193 analect.
1103 2141 1233 2182 Plaut.
1255 2141 1478 2192 particulae
1507 2140 1674 2181 alterius

202 2215 318 2263 parte
347 2212 522 2251 secunda
552 2224 642 2250 mea
672 2210 835 2264 quidem
868 2210 1072 2251 sententia
1099 2223 1173 2250 suo
1204 2210 1293 2250 iure
1320 2210 1529 2252 contendit
1558 2223 1672 2262 para-

201 2283 496 2332 tragodumena
524 2281 567 2319 in
590 2281 726 2320 Plauti
748 2280 966 2320 comoediis
997 2292 1081 2320 non
1112 2293 1165 2319 ex
1185 2279 1324 2320 latinis
1343 2280 1571 2333 aequalium
1593 2284 1672 2320 tra-

204 2351 363 2402 goediis
394 2352 554 2390 detorta
584 2364 692 2400 esse,
724 2351 793 2390 sed
825 2363 879 2390 ex
910 2350 1075 2390 Graecis
1104 2350 1400 2390 comoediarum
1428 2350 1673 2401 exemplari-

200 2422 277 2461 bus
318 2420 510 2468 fluxisse,
554 2434 642 2459 cum
673 2420 820 2461 Naevii
851 2420 1058 2474 Enniique
1100 2418 1262 2459 fabulae
1303 2432 1390 2460 non·
1430 2423 1514 2460 tam
1552 2432 1671 2472 saepe

202 2495 435 2541 agerentur,
466 2493 513 2529 ut
543 2493 584 2529 et
614 2490 749 2530 Plauti
781 2490 999 2529 memoriae
1030 2488 1281 2540 singularum
1312 2502 1524 2530 scenarum
1554 2503 1671 2541 argu-

200 2565 337 2600 menta
368 2565 411 2600 et
439 2560 570 2599 facete
601 2560 708 2600 dicta
740 2564 899 2611 praesto
930 2565 1068 2600 essent
1096 2564 1140 2599 et
1169 2563 1415 2610 spectatores
1445 2559 1582 2600 statim
1611 2563 1671 2599 ta-

199 2629 299 2668 lium
329 2630 512 2669 iocorum
545 2629 713 2668 consilia
743 2642 963 2680 agnoscere
993 2632 1161 2681 possent
1180 2628 1231 2681 1).
1291 2629 1544 2669 Ribbeckius
1572 2641 1670 2669 vero

299 2719 333 2766 1)
358 2722 541 2753 Praeterea
557 2721 616 2752 ‘de
641 2722 795 2761 Baga-00
829 2723 852 2754 1.
880 2723 903 2753 1.
940 2725 975 2754 et
998 2720 1146 2753 Κεῖοι-ιε
1181 2730 1297 2762 opusc.
1332 2721 1426 2753 acad.
1451 2721 1485 2752 11
1520 2729 1576 2762 ΡΒ.
1602 2721 1671 2755 ⁸60
