<?xml version="1.0" encoding="UTF-8"?>
<!DOCTYPE html PUBLIC "-//W3C//DTD XHTML 1.0 Transitional//EN"
    "http://www.w3.org/TR/xhtml1/DTD/xhtml1-transitional.dtd">
<html xmlns="http://www.w3.org/1999/xhtml" xml:lang="en" lang="en">
 <head>
  <title>
</title>
<meta http-equiv="Content-Type" content="text/html;charset=utf-8" />
  <meta name='ocr-system' content='tesseract 3.04.00' />
  <meta name='ocr-capabilities' content='ocr_page ocr_carea ocr_par ocr_line ocrx_word'/>
</head>
<body>
  <div class='ocr_page' id='page_1' title='image "4737190_0035.png"; bbox 0 0 1880 3245; ppageno 0'>
   <div class='ocr_carea' id='block_1_1' title="bbox 800 164 1092 209">
    <p class='ocr_par' dir='ltr' id='par_1_1' title="bbox 800 164 1092 209">
     <span class='ocr_line' id='line_1_1' title="bbox 800 164 1092 209; baseline 0 -15"><span class='ocrx_word' id='word_1_1' title='bbox 800 164 1092 209; x_wconf 55' lang='lat'>„25-</span> 
     </span>
    </p>
   </div>
   <div class='ocr_carea' id='block_1_2' title="bbox 212 264 1682 1443">
    <p class='ocr_par' dir='ltr' id='par_1_2' title="bbox 212 264 1682 1443">
     <span class='ocr_line' id='line_1_2' title="bbox 359 264 1562 325; baseline 0 -16"><span class='ocrx_word' id='word_1_2' title='bbox 359 267 497 310; x_wconf 68' lang='grc' dir='ltr'><strong><em>πάντα</em></strong></span> <span class='ocrx_word' id='word_1_3' title='bbox 520 264 597 325; x_wconf 71' lang='grc' dir='ltr'><strong>γᾶρ</strong></span> <span class='ocrx_word' id='word_1_4' title='bbox 627 266 729 311; x_wconf 74' lang='grc' dir='ltr'><strong><em>ὅσσα</em></strong></span> <span class='ocrx_word' id='word_1_5' title='bbox 747 266 972 323; x_wconf 71' lang='grc' dir='ltr'><strong><em>,λάβεσκεν,</em></strong></span> <span class='ocrx_word' id='word_1_6' title='bbox 1014 267 1173 311; x_wconf 79' lang='grc' dir='ltr'><strong><em>ἄείδελα</em></strong></span> <span class='ocrx_word' id='word_1_7' title='bbox 1203 266 1336 310; x_wconf 74' lang='grc' dir='ltr'><strong><em>πάντα</em></strong></span> <span class='ocrx_word' id='word_1_8' title='bbox 1365 269 1562 310; x_wconf 82' lang='grc' dir='ltr'><strong><em>τίθεσκεν.</em></strong></span> 
     </span>
     <span class='ocr_line' id='line_1_3' title="bbox 330 340 1680 394; baseline 0.001 -14"><span class='ocrx_word' id='word_1_9' title='bbox 330 341 461 381; x_wconf 88' lang='lat' dir='ltr'><strong>Versu</strong></span> <span class='ocrx_word' id='word_1_10' title='bbox 491 343 574 381; x_wconf 90' lang='grc'><strong>810</strong></span> <span class='ocrx_word' id='word_1_11' title='bbox 597 341 815 394; x_wconf 82' lang='lat' dir='ltr'><strong>Chrysalus</strong></span> <span class='ocrx_word' id='word_1_12' title='bbox 835 355 977 383; x_wconf 78' lang='lat' dir='ltr'><strong>servus</strong></span> <span class='ocrx_word' id='word_1_13' title='bbox 1007 355 1031 381; x_wconf 87' lang='lat' dir='ltr'><strong>a</strong></span> <span class='ocrx_word' id='word_1_14' title='bbox 1052 341 1214 382; x_wconf 89' lang='lat' dir='ltr'><strong>domino</strong></span> <span class='ocrx_word' id='word_1_15' title='bbox 1237 341 1384 382; x_wconf 82' lang='lat' dir='ltr'><strong>vinciri</strong></span> <span class='ocrx_word' id='word_1_16' title='bbox 1404 342 1536 382; x_wconf 90' lang='lat' dir='ltr'><strong>iussus</strong></span> <span class='ocrx_word' id='word_1_17' title='bbox 1558 340 1680 381; x_wconf 82' lang='lat' dir='ltr'><strong>dicit:</strong></span> 
     </span>
     <span class='ocr_line' id='line_1_4' title="bbox 451 411 1426 463; baseline 0 -12"><span class='ocrx_word' id='word_1_18' title='bbox 451 412 529 461; x_wconf 87' lang='lat' dir='ltr'><strong>Ah,</strong></span> <span class='ocrx_word' id='word_1_19' title='bbox 560 411 915 463; x_wconf 86' lang='lat' dir='ltr'><strong>Bellerophontem</strong></span> <span class='ocrx_word' id='word_1_20' title='bbox 945 415 1040 453; x_wconf 88' lang='lat' dir='ltr'><strong>tuus</strong></span> <span class='ocrx_word' id='word_1_21' title='bbox 1070 425 1134 452; x_wconf 89' lang='lat' dir='ltr'><strong>me</strong></span> <span class='ocrx_word' id='word_1_22' title='bbox 1165 412 1265 452; x_wconf 83' lang='lat' dir='ltr'><strong>feeit</strong></span> <span class='ocrx_word' id='word_1_23' title='bbox 1294 411 1426 451; x_wconf 80' lang='lat' dir='ltr'><strong>filius:</strong></span> 
     </span>
     <span class='ocr_line' id='line_1_5' title="bbox 451 481 1268 533; baseline 0.001 -12"><span class='ocrx_word' id='word_1_24' title='bbox 451 482 624 533; x_wconf 85' lang='lat' dir='ltr'><strong>Egomet</strong></span> <span class='ocrx_word' id='word_1_25' title='bbox 652 481 824 522; x_wconf 87' lang='lat' dir='ltr'><strong>tabellas</strong></span> <span class='ocrx_word' id='word_1_26' title='bbox 852 482 972 523; x_wconf 88' lang='lat' dir='ltr'><strong>tetuli</strong></span> <span class='ocrx_word' id='word_1_27' title='bbox 1002 485 1049 522; x_wconf 92' lang='lat' dir='ltr'><strong>ut</strong></span> <span class='ocrx_word' id='word_1_28' title='bbox 1077 482 1268 522; x_wconf 83' lang='lat' dir='ltr'><strong>vincirer.</strong></span> 
     </span>
     <span class='ocr_line' id='line_1_6' title="bbox 213 541 1681 606; baseline -0.001 -14"><span class='ocrx_word' id='word_1_29' title='bbox 213 564 318 606; x_wconf 86' lang='lat' dir='ltr'><strong>quae</strong></span> <span class='ocrx_word' id='word_1_30' title='bbox 338 552 465 593; x_wconf 83' lang='lat' dir='ltr'><strong>verba</strong></span> <span class='ocrx_word' id='word_1_31' title='bbox 485 552 698 592; x_wconf 85' lang='lat' dir='ltr'><strong>referenda</strong></span> <span class='ocrx_word' id='word_1_32' title='bbox 717 554 813 593; x_wconf 90' lang='lat' dir='ltr'><strong>sunt</strong></span> <span class='ocrx_word' id='word_1_33' title='bbox 842 553 892 592; x_wconf 84' lang='lat' dir='ltr'><strong>ad</strong></span> <span class='ocrx_word' id='word_1_34' title='bbox 910 541 1266 604; x_wconf 84' lang='lat' dir='ltr'><strong>Bellerophontem</strong></span> <span class='ocrx_word' id='word_1_35' title='bbox 1295 565 1320 592; x_wconf 85' lang='lat' dir='ltr'><strong>a</strong></span> <span class='ocrx_word' id='word_1_36' title='bbox 1340 553 1489 592; x_wconf 84' lang='lat' dir='ltr'><strong>Proeto</strong></span> <span class='ocrx_word' id='word_1_37' title='bbox 1510 552 1681 592; x_wconf 86' lang='lat' dir='ltr'><strong>Sthene-</strong></span> 
     </span>
     <span class='ocr_line' id='line_1_7' title="bbox 212 622 1680 663; baseline -0.002 -1"><span class='ocrx_word' id='word_1_38' title='bbox 212 623 316 662; x_wconf 89' lang='lat' dir='ltr'><strong>boea</strong></span> <span class='ocrx_word' id='word_1_39' title='bbox 344 634 471 662; x_wconf 87' lang='lat' dir='ltr'><strong>uxore</strong></span> <span class='ocrx_word' id='word_1_40' title='bbox 521 622 762 663; x_wconf 76' lang='lat' dir='ltr'><strong>adhortante</strong></span> <span class='ocrx_word' id='word_1_41' title='bbox 798 623 849 661; x_wconf 89' lang='lat' dir='ltr'><strong>ad</strong></span> <span class='ocrx_word' id='word_1_42' title='bbox 877 623 1061 663; x_wconf 86' lang='lat' dir='ltr'><strong>Iobatem</strong></span> <span class='ocrx_word' id='word_1_43' title='bbox 1104 623 1149 662; x_wconf 92' lang='lat' dir='ltr'><strong>in</strong></span> <span class='ocrx_word' id='word_1_44' title='bbox 1179 623 1335 662; x_wconf 78' lang='lat' dir='ltr'>Cariam</span> <span class='ocrx_word' id='word_1_45' title='bbox 1377 622 1542 662; x_wconf 89' lang='lat' dir='ltr'><strong>missum</strong></span> <span class='ocrx_word' id='word_1_46' title='bbox 1590 634 1680 661; x_wconf 85' lang='lat' dir='ltr'><strong>eum</strong></span> 
     </span>
     <span class='ocr_line' id='line_1_8' title="bbox 213 691 1681 745; baseline -0.001 -14"><span class='ocrx_word' id='word_1_47' title='bbox 213 691 397 741; x_wconf 84' lang='lat' dir='ltr'><strong>tabellis,</strong></span> <span class='ocrx_word' id='word_1_48' title='bbox 439 691 587 745; x_wconf 88' lang='lat' dir='ltr'><strong>quibus</strong></span> <span class='ocrx_word' id='word_1_49' title='bbox 616 692 749 732; x_wconf 85' lang='lat' dir='ltr'><strong>Iobati</strong></span> <span class='ocrx_word' id='word_1_50' title='bbox 779 692 1074 743; x_wconf 77' lang='lat' dir='ltr'><strong>imperabatur,</strong></span> <span class='ocrx_word' id='word_1_51' title='bbox 1121 696 1167 733; x_wconf 92' lang='lat' dir='ltr'><strong>ut</strong></span> <span class='ocrx_word' id='word_1_52' title='bbox 1211 692 1463 732; x_wconf 88' lang='lat' dir='ltr'><strong>interimeret</strong></span> <span class='ocrx_word' id='word_1_53' title='bbox 1500 691 1681 731; x_wconf 91' lang='lat' dir='ltr'><strong>Bellero-</strong></span> 
     </span>
     <span class='ocr_line' id='line_1_9' title="bbox 212 757 1678 815; baseline 0 -15"><span class='ocrx_word' id='word_1_54' title='bbox 212 761 421 812; x_wconf 84' lang='lat' dir='ltr'><strong>phontem.</strong></span> <span class='ocrx_word' id='word_1_55' title='bbox 480 757 616 815; x_wconf 84' lang='lat' dir='ltr'><strong>Atque</strong></span> <span class='ocrx_word' id='word_1_56' title='bbox 646 761 723 801; x_wconf 85' lang='lat' dir='ltr'><strong>hoe</strong></span> <span class='ocrx_word' id='word_1_57' title='bbox 751 761 830 800; x_wconf 90' lang='lat' dir='ltr'><strong>iam</strong></span> <span class='ocrx_word' id='word_1_58' title='bbox 863 773 917 800; x_wconf 83' lang='lat' dir='ltr'><strong>ex</strong></span> <span class='ocrx_word' id='word_1_59' title='bbox 945 761 1101 801; x_wconf 88' lang='lat' dir='ltr'><strong>Homer</strong></span> <span class='ocrx_word' id='word_1_60' title='bbox 1131 762 1180 802; x_wconf 90' lang='lat' dir='ltr'><strong>Il.</strong></span> <span class='ocrx_word' id='word_1_61' title='bbox 1217 762 1260 801; x_wconf 94' lang='lat' dir='ltr'><strong>Z.</strong></span> <span class='ocrx_word' id='word_1_62' title='bbox 1296 764 1377 802; x_wconf 86' lang='grc'><strong>160</strong></span> <span class='ocrx_word' id='word_1_63' title='bbox 1409 774 1494 815; x_wconf 90' lang='lat' dir='ltr'><strong>eqs.</strong></span> <span class='ocrx_word' id='word_1_64' title='bbox 1537 765 1678 801; x_wconf 91' lang='lat' dir='ltr'><strong>notum</strong></span> 
     </span>
     <span class='ocr_line' id='line_1_10' title="bbox 212 830 1680 883; baseline -0.001 -11"><span class='ocrx_word' id='word_1_65' title='bbox 212 834 474 872; x_wconf 80' lang='lat' dir='ltr'><strong>retractatum</strong></span> <span class='ocrx_word' id='word_1_66' title='bbox 506 834 569 872; x_wconf 85' lang='lat' dir='ltr'><strong>est</strong></span> <span class='ocrx_word' id='word_1_67' title='bbox 597 832 647 871; x_wconf 88' lang='lat' dir='ltr'><strong>ab</strong></span> <span class='ocrx_word' id='word_1_68' title='bbox 669 831 863 883; x_wconf 88' lang='lat' dir='ltr'><strong>Euripide</strong></span> <span class='ocrx_word' id='word_1_69' title='bbox 893 832 936 871; x_wconf 91' lang='lat' dir='ltr'><strong>in</strong></span> <span class='ocrx_word' id='word_1_70' title='bbox 957 830 1213 872; x_wconf 84' lang='lat' dir='ltr'><strong>Stheneboea</strong></span> <span class='ocrx_word' id='word_1_71' title='bbox 1243 832 1461 883; x_wconf 79' lang='lat' dir='ltr'><strong>tragoedia.</strong></span> <span class='ocrx_word' id='word_1_72' title='bbox 1522 831 1680 870; x_wconf 87' lang='lat' dir='ltr'><strong>Deinde</strong></span> 
     </span>
     <span class='ocr_line' id='line_1_11' title="bbox 213 901 1682 953; baseline -0.001 -12"><span class='ocrx_word' id='word_1_73' title='bbox 213 901 312 941; x_wconf 86' lang='lat' dir='ltr'><strong>satis</strong></span> <span class='ocrx_word' id='word_1_74' title='bbox 351 901 554 942; x_wconf 81' lang='lat' dir='ltr'><strong>celebrata</strong></span> <span class='ocrx_word' id='word_1_75' title='bbox 592 901 920 953; x_wconf 83' lang='lat' dir='ltr'><strong>Bellerophontis</strong></span> <span class='ocrx_word' id='word_1_76' title='bbox 958 902 1044 942; x_wconf 82' lang='lat' dir='ltr'><strong>fata</strong></span> <span class='ocrx_word' id='word_1_77' title='bbox 1087 902 1294 942; x_wconf 77' lang='lat' dir='ltr'><strong>nonnullis</strong></span> <span class='ocrx_word' id='word_1_78' title='bbox 1326 901 1508 946; x_wconf 77' lang='lat' dir='ltr'><strong>,vasculis</strong></span> <span class='ocrx_word' id='word_1_79' title='bbox 1550 901 1682 952; x_wconf 85' lang='lat' dir='ltr'><strong>pictis,</strong></span> 
     </span>
     <span class='ocr_line' id='line_1_12' title="bbox 214 970 1681 1027; baseline -0.001 -17"><span class='ocrx_word' id='word_1_80' title='bbox 214 984 267 1010; x_wconf 87' lang='lat' dir='ltr'><strong>ex</strong></span> <span class='ocrx_word' id='word_1_81' title='bbox 308 971 456 1024; x_wconf 90' lang='lat' dir='ltr'><strong>quibus</strong></span> <span class='ocrx_word' id='word_1_82' title='bbox 473 1011 479 1015; x_wconf 77' lang='grc'>,</span> <span class='ocrx_word' id='word_1_83' title='bbox 494 984 619 1010; x_wconf 89' lang='lat' dir='ltr'><strong>unum</strong></span> <span class='ocrx_word' id='word_1_84' title='bbox 661 970 964 1027; x_wconf 18' lang='lat' dir='ltr'><strong>nominandum*</strong></span> <span class='ocrx_word' id='word_1_85' title='bbox 981 971 1165 1021; x_wconf 82' lang='lat' dir='ltr'><strong>videtur,</strong></span> <span class='ocrx_word' id='word_1_86' title='bbox 1208 972 1315 1024; x_wconf 88' lang='lat' dir='ltr'><strong>quod</strong></span> <span class='ocrx_word' id='word_1_87' title='bbox 1346 972 1470 1012; x_wconf 87' lang='lat' dir='ltr'><strong>habet</strong></span> <span class='ocrx_word' id='word_1_88' title='bbox 1503 971 1681 1010; x_wconf 88' lang='lat' dir='ltr'><strong>Bellero-</strong></span> 
     </span>
     <span class='ocr_line' id='line_1_13' title="bbox 213 1040 1681 1091; baseline -0.001 -11"><span class='ocrx_word' id='word_1_89' title='bbox 213 1042 405 1091; x_wconf 88' lang='lat' dir='ltr'><strong>phontem</strong></span> <span class='ocrx_word' id='word_1_90' title='bbox 449 1040 627 1081; x_wconf 87' lang='lat' dir='ltr'><strong>tabulam</strong></span> <span class='ocrx_word' id='word_1_91' title='bbox 667 1040 893 1080; x_wconf 79' lang='lat' dir='ltr'><strong>tradentem</strong></span> <span class='ocrx_word' id='word_1_92' title='bbox 933 1041 1066 1080; x_wconf 88' lang='lat' dir='ltr'><strong>Iobati</strong></span> <span class='ocrx_word' id='word_1_93' title='bbox 1111 1042 1264 1091; x_wconf 82' lang='lat' dir='ltr'><strong>pictum</strong></span> <span class='ocrx_word' id='word_1_94' title='bbox 1306 1041 1355 1080; x_wconf 84' lang='lat' dir='ltr'><strong>ef.</strong></span> <span class='ocrx_word' id='word_1_95' title='bbox 1398 1041 1554 1089; x_wconf 85' lang='lat' dir='ltr'><strong>Conze,</strong></span> <span class='ocrx_word' id='word_1_96' title='bbox 1597 1053 1681 1080; x_wconf 85' lang='lat' dir='ltr'><strong>vas.</strong></span> 
     </span>
     <span class='ocr_line' id='line_1_14' title="bbox 215 1095 1682 1163; baseline -0.001 -13"><span class='ocrx_word' id='word_1_97' title='bbox 215 1109 350 1150; x_wconf 81' lang='lat' dir='ltr'><strong>select.</strong></span> <span class='ocrx_word' id='word_1_98' title='bbox 383 1095 500 1159; x_wconf 75' lang='lat' dir='ltr'>VIII,</span> <span class='ocrx_word' id='word_1_99' title='bbox 533 1113 571 1150; x_wconf 88' lang='grc'><strong>9.</strong></span> <span class='ocrx_word' id='word_1_100' title='bbox 609 1113 642 1149; x_wconf 95' lang='grc'><strong>1.</strong></span> <span class='ocrx_word' id='word_1_101' title='bbox 702 1109 890 1163; x_wconf 88' lang='lat' dir='ltr'><strong>Denique</strong></span> <span class='ocrx_word' id='word_1_102' title='bbox 928 1109 1027 1149; x_wconf 87' lang='lat' dir='ltr'><strong>talia</strong></span> <span class='ocrx_word' id='word_1_103' title='bbox 1069 1111 1457 1161; x_wconf 83' lang='lat' dir='ltr'><strong>paratragodumena</strong></span> <span class='ocrx_word' id='word_1_104' title='bbox 1487 1123 1570 1149; x_wconf 89' lang='lat' dir='ltr'><strong>non</strong></span> <span class='ocrx_word' id='word_1_105' title='bbox 1612 1110 1682 1149; x_wconf 89' lang='lat' dir='ltr'><strong>ab·</strong></span> 
     </span>
     <span class='ocr_line' id='line_1_15' title="bbox 213 1179 1682 1231; baseline 0.001 -14"><span class='ocrx_word' id='word_1_106' title='bbox 213 1180 378 1218; x_wconf 87' lang='lat' dir='ltr'><strong>horrere</strong></span> <span class='ocrx_word' id='word_1_107' title='bbox 421 1180 471 1218; x_wconf 88' lang='lat' dir='ltr'><strong>ab</strong></span> <span class='ocrx_word' id='word_1_108' title='bbox 502 1179 624 1219; x_wconf 79' lang='lat' dir='ltr'><strong>attica</strong></span> <span class='ocrx_word' id='word_1_109' title='bbox 655 1179 883 1219; x_wconf 81' lang='lat' dir='ltr'><strong>comoediae</strong></span> <span class='ocrx_word' id='word_1_110' title='bbox 925 1183 1094 1231; x_wconf 86' lang='lat' dir='ltr'><strong>apparet</strong></span> <span class='ocrx_word' id='word_1_111' title='bbox 1123 1192 1176 1218; x_wconf 85' lang='lat' dir='ltr'><strong>ex</strong></span> <span class='ocrx_word' id='word_1_112' title='bbox 1206 1179 1415 1231; x_wconf 82' lang='lat' dir='ltr'><strong>Aristoph.</strong></span> <span class='ocrx_word' id='word_1_113' title='bbox 1446 1180 1541 1219; x_wconf 89' lang='lat' dir='ltr'><strong>nub.</strong></span> <span class='ocrx_word' id='word_1_114' title='bbox 1574 1182 1682 1218; x_wconf 82' lang='lat'>256:</span> 
     </span>
     <span class='ocr_line' id='line_1_16' title="bbox 663 1243 1471 1301; baseline 0.001 -13"><span class='ocrx_word' id='word_1_115' title='bbox 663 1245 728 1288; x_wconf 77' lang='grc' dir='ltr'><strong>ἐπὶ</strong></span> <span class='ocrx_word' id='word_1_116' title='bbox 761 1247 797 1288; x_wconf 87' lang='grc' dir='ltr'><strong>τί</strong></span> <span class='ocrx_word' id='word_1_117' title='bbox 827 1245 1052 1299; x_wconf 81' lang='grc' dir='ltr'><strong><em>στέφανον,·</em></strong></span> <span class='ocrx_word' id='word_1_118' title='bbox 1084 1247 1208 1301; x_wconf 79' lang='grc' dir='ltr'><strong><em>οἴμοι,</em></strong></span> <span class='ocrx_word' id='word_1_119' title='bbox 1240 1243 1471 1301; x_wconf 74' lang='grc' dir='ltr'><strong><em>Σώκρατες,</em></strong></span> 
     </span>
     <span class='ocr_line' id='line_1_17' title="bbox 453 1314 1459 1370; baseline 0 -13"><span class='ocrx_word' id='word_1_120' title='bbox 453 1314 587 1370; x_wconf 69' lang='grc' dir='ltr'><strong><em>ὥσπερ</em></strong></span> <span class='ocrx_word' id='word_1_121' title='bbox 620 1331 668 1369; x_wconf 87' lang='grc' dir='ltr'><strong>με</strong></span> <span class='ocrx_word' id='word_1_122' title='bbox 699 1314 768 1358; x_wconf 84' lang='grc' dir='ltr'><strong><em>τόν</em></strong></span> <span class='ocrx_word' id='word_1_123' title='bbox 793 1314 1033 1370; x_wconf 75' lang='grc' dir='ltr'><strong>Ἀθάμανθ’</strong></span> <span class='ocrx_word' id='word_1_124' title='bbox 1069 1314 1182 1366; x_wconf 76' lang='grc' dir='ltr'><strong><em>ὅπως</em></strong></span> <span class='ocrx_word' id='word_1_125' title='bbox 1212 1315 1270 1370; x_wconf 85' lang='grc' dir='ltr'><em>μή</em></span> <span class='ocrx_word' id='word_1_126' title='bbox 1300 1314 1459 1359; x_wconf 73' lang='grc' dir='ltr'><strong><em>θύσετε.</em></strong></span> 
     </span>
     <span class='ocr_line' id='line_1_18' title="bbox 212 1385 1374 1443; baseline 0.001 -15"><span class='ocrx_word' id='word_1_127' title='bbox 212 1389 273 1428; x_wconf 88' lang='lat' dir='ltr'><strong>De</strong></span> <span class='ocrx_word' id='word_1_128' title='bbox 304 1388 481 1441; x_wconf 79' lang='lat' dir='ltr'><strong>Lycurgi</strong></span> <span class='ocrx_word' id='word_1_129' title='bbox 512 1388 687 1443; x_wconf 90' lang='lat' dir='ltr'><strong>denique</strong></span> <span class='ocrx_word' id='word_1_130' title='bbox 717 1385 922 1430; x_wconf 87' lang='lat' dir='ltr'><strong>mentione</strong></span> <span class='ocrx_word' id='word_1_131' title='bbox 953 1389 1010 1442; x_wconf 86' lang='lat' dir='ltr'><strong>(v.</strong></span> <span class='ocrx_word' id='word_1_132' title='bbox 1047 1390 1144 1443; x_wconf 92' lang='lat'>111)</span> <span class='ocrx_word' id='word_1_133' title='bbox 1174 1389 1226 1430; x_wconf 83' lang='lat' dir='ltr'><strong>ef.</strong></span> <span class='ocrx_word' id='word_1_134' title='bbox 1256 1389 1374 1430; x_wconf 89' lang='lat' dir='ltr'><strong>infra.</strong></span> 
     </span>
    </p>
   </div>
   <div class='ocr_carea' id='block_1_3' title="bbox 213 1524 1686 2629">
    <p class='ocr_par' dir='ltr' id='par_1_3' title="bbox 213 1524 1682 1858">
     <span class='ocr_line' id='line_1_19' title="bbox 331 1524 1680 1580; baseline 0.001 -14"><span class='ocrx_word' id='word_1_135' title='bbox 331 1527 381 1566; x_wconf 89' lang='lat' dir='ltr'><strong>In</strong></span> <span class='ocrx_word' id='word_1_136' title='bbox 412 1527 758 1579; x_wconf 82' lang='lat' dir='ltr'><strong>Captivorum</strong></span> <span class='ocrx_word' id='word_1_137' title='bbox 797 1524 959 1569; x_wconf 71' lang='lat' dir='ltr'><strong>fabulae</strong></span> <span class='ocrx_word' id='word_1_138' title='bbox 988 1543 1048 1569; x_wconf 85' lang='lat' dir='ltr'><strong>vs.</strong></span> <span class='ocrx_word' id='word_1_139' title='bbox 1082 1528 1165 1568; x_wconf 85' lang='lat'><strong>274</strong></span> <span class='ocrx_word' id='word_1_140' title='bbox 1197 1539 1324 1568; x_wconf 83' lang='lat' dir='ltr'><strong>senex</strong></span> <span class='ocrx_word' id='word_1_141' title='bbox 1353 1528 1486 1579; x_wconf 87' lang='lat' dir='ltr'><strong>Hegio</strong></span> <span class='ocrx_word' id='word_1_142' title='bbox 1518 1527 1680 1580; x_wconf 87' lang='lat' dir='ltr'><strong>sapien-</strong></span> 
     </span>
     <span class='ocr_line' id='line_1_20' title="bbox 213 1597 1679 1649; baseline -0.002 -11"><span class='ocrx_word' id='word_1_143' title='bbox 213 1597 311 1638; x_wconf 83' lang='lat' dir='ltr'><strong>tiam</strong></span> <span class='ocrx_word' id='word_1_144' title='bbox 362 1597 468 1637; x_wconf 85' lang='lat' dir='ltr'><strong>servi</strong></span> <span class='ocrx_word' id='word_1_145' title='bbox 507 1597 728 1637; x_wconf 88' lang='lat' dir='ltr'><strong>admiratus</strong></span> <span class='ocrx_word' id='word_1_146' title='bbox 775 1597 894 1638; x_wconf 81' lang='lat' dir='ltr'><strong>dicit:</strong></span> <span class='ocrx_word' id='word_1_147' title='bbox 935 1599 1148 1649; x_wconf 83' lang='lat' dir='ltr'><strong>Eugepae:</strong></span> <span class='ocrx_word' id='word_1_148' title='bbox 1193 1598 1359 1637; x_wconf 86' lang='lat' dir='ltr'><strong>Thalem</strong></span> <span class='ocrx_word' id='word_1_149' title='bbox 1399 1598 1553 1637; x_wconf 89' lang='lat' dir='ltr'><strong>talento</strong></span> <span class='ocrx_word' id='word_1_150' title='bbox 1596 1611 1679 1636; x_wconf 91' lang='lat' dir='ltr'><strong>non</strong></span> 
     </span>
     <span class='ocr_line' id='line_1_21' title="bbox 214 1666 1679 1721; baseline -0.001 -14"><span class='ocrx_word' id='word_1_151' title='bbox 214 1680 342 1707; x_wconf 88' lang='lat' dir='ltr'><strong>emam</strong></span> <span class='ocrx_word' id='word_1_152' title='bbox 375 1666 553 1716; x_wconf 84' lang='lat' dir='ltr'><strong>Milesio,</strong></span> <span class='ocrx_word' id='word_1_153' title='bbox 597 1680 769 1721; x_wconf 77' lang='lat' dir='ltr'><strong>quocum</strong></span> <span class='ocrx_word' id='word_1_154' title='bbox 811 1667 1045 1721; x_wconf 82' lang='lat' dir='ltr'><strong>conferendi</strong></span> <span class='ocrx_word' id='word_1_155' title='bbox 1076 1672 1117 1708; x_wconf 91' lang='lat' dir='ltr'><strong>et</strong></span> <span class='ocrx_word' id='word_1_156' title='bbox 1147 1668 1393 1708; x_wconf 82' lang='lat' dir='ltr'><strong>Baeehidum</strong></span> <span class='ocrx_word' id='word_1_157' title='bbox 1423 1680 1564 1708; x_wconf 85' lang='lat' dir='ltr'><strong>versus</strong></span> <span class='ocrx_word' id='word_1_158' title='bbox 1598 1670 1679 1706; x_wconf 87' lang='lat'><strong>122</strong></span> 
     </span>
     <span class='ocr_line' id='line_1_22' title="bbox 216 1736 1682 1790; baseline -0.001 -14"><span class='ocrx_word' id='word_1_159' title='bbox 216 1750 315 1790; x_wconf 73' lang='lat' dir='ltr'><strong>eqs„</strong></span> <span class='ocrx_word' id='word_1_160' title='bbox 355 1736 424 1776; x_wconf 92' lang='lat' dir='ltr'><strong>ubi</strong></span> <span class='ocrx_word' id='word_1_161' title='bbox 454 1736 702 1777; x_wconf 78' lang='lat' dir='ltr'><strong>Pistoclerus</strong></span> <span class='ocrx_word' id='word_1_162' title='bbox 743 1750 786 1777; x_wconf 88' lang='lat' dir='ltr'><strong>se</strong></span> <span class='ocrx_word' id='word_1_163' title='bbox 817 1737 977 1790; x_wconf 86' lang='lat' dir='ltr'><strong>Lydum</strong></span> <span class='ocrx_word' id='word_1_164' title='bbox 1018 1739 1297 1790; x_wconf 81' lang='lat' dir='ltr'><strong>paedagogum</strong></span> <span class='ocrx_word' id='word_1_165' title='bbox 1338 1736 1682 1788; x_wconf 85' lang='lat' dir='ltr'><strong>sapientissimum</strong></span> 
     </span>
     <span class='ocr_line' id='line_1_23' title="bbox 218 1806 942 1858; baseline 0.001 -12"><span class='ocrx_word' id='word_1_166' title='bbox 218 1819 377 1858; x_wconf 87' lang='lat' dir='ltr'><strong>semper</strong></span> <span class='ocrx_word' id='word_1_167' title='bbox 406 1806 596 1847; x_wconf 89' lang='lat' dir='ltr'><strong>habuisse</strong></span> <span class='ocrx_word' id='word_1_168' title='bbox 626 1807 832 1858; x_wconf 88' lang='lat' dir='ltr'><strong>professus</strong></span> <span class='ocrx_word' id='word_1_169' title='bbox 861 1807 942 1847; x_wconf 83' lang='lat' dir='ltr'><strong>ait:</strong></span> 
     </span>
    </p>

    <p class='ocr_par' dir='ltr' id='par_1_4' title="bbox 216 1877 1605 2348">
     <span class='ocr_line' id='line_1_24' title="bbox 361 1877 1150 1930; baseline 0.003 -15"><span class='ocrx_word' id='word_1_170' title='bbox 361 1877 465 1926; x_wconf 92' lang='lat' dir='ltr'><strong>hem,</strong></span> <span class='ocrx_word' id='word_1_171' title='bbox 498 1889 630 1930; x_wconf 87' lang='lat' dir='ltr'><strong>quam,</strong></span> <span class='ocrx_word' id='word_1_172' title='bbox 662 1891 685 1917; x_wconf 95' lang='grc' dir='ltr'><strong><em>ο</em></strong></span> <span class='ocrx_word' id='word_1_173' title='bbox 716 1877 841 1926; x_wconf 89' lang='lat' dir='ltr'><strong>Lude,</strong></span> <span class='ocrx_word' id='word_1_174' title='bbox 871 1890 915 1917; x_wconf 93' lang='lat' dir='ltr'><strong>es</strong></span> <span class='ocrx_word' id='word_1_175' title='bbox 945 1878 1150 1927; x_wconf 84' lang='lat' dir='ltr'><strong>barbarus,</strong></span> 
     </span>
     <span class='ocr_line' id='line_1_25' title="bbox 363 1947 1548 2001; baseline 0.002 -16"><span class='ocrx_word' id='word_1_176' title='bbox 363 1959 481 1999; x_wconf 89' lang='lat' dir='ltr'><strong>quem</strong></span> <span class='ocrx_word' id='word_1_177' title='bbox 513 1959 588 1997; x_wconf 85' lang='lat' dir='ltr'><strong>ego</strong></span> <span class='ocrx_word' id='word_1_178' title='bbox 619 1959 761 1998; x_wconf 84' lang='lat' dir='ltr'><strong>sapere</strong></span> <span class='ocrx_word' id='word_1_179' title='bbox 791 1947 917 1995; x_wconf 87' lang='lat' dir='ltr'><strong>nimio</strong></span> <span class='ocrx_word' id='word_1_180' title='bbox 948 1947 1084 1988; x_wconf 82' lang='lat' dir='ltr'><strong>censui</strong></span> <span class='ocrx_word' id='word_1_181' title='bbox 1116 1948 1206 1999; x_wconf 85' lang='lat' dir='ltr'><strong>plus</strong></span> <span class='ocrx_word' id='word_1_182' title='bbox 1237 1960 1357 2001; x_wconf 90' lang='lat' dir='ltr'><strong>quam</strong></span> <span class='ocrx_word' id='word_1_183' title='bbox 1389 1947 1548 1987; x_wconf 84' lang='lat' dir='ltr'><strong>Thales.</strong></span> 
     </span>
     <span class='ocr_line' id='line_1_26' title="bbox 216 2016 725 2057; baseline 0.004 -2"><span class='ocrx_word' id='word_1_184' title='bbox 216 2019 258 2056; x_wconf 90' lang='lat' dir='ltr'><strong>et</strong></span> <span class='ocrx_word' id='word_1_185' title='bbox 287 2016 488 2056; x_wconf 82' lang='lat' dir='ltr'><strong>Rudentis</strong></span> <span class='ocrx_word' id='word_1_186' title='bbox 517 2030 555 2057; x_wconf 89' lang='lat' dir='ltr'><strong>v.</strong></span> <span class='ocrx_word' id='word_1_187' title='bbox 592 2020 725 2057; x_wconf 91' lang='lat'>1001:</span> 
     </span>
     <span class='ocr_line' id='line_1_27' title="bbox 362 2085 1552 2128; baseline 0 -3"><span class='ocrx_word' id='word_1_188' title='bbox 362 2085 446 2126; x_wconf 54' lang='lat' dir='ltr'><strong>Tra</strong></span> <span class='ocrx_word' id='word_1_189' title='bbox 475 2086 541 2126; x_wconf 87' lang='lat' dir='ltr'><strong>Ita</strong></span> <span class='ocrx_word' id='word_1_190' title='bbox 570 2086 804 2128; x_wconf 83' lang='lat' dir='ltr'><strong>enimvero?</strong></span> <span class='ocrx_word' id='word_1_191' title='bbox 834 2087 982 2128; x_wconf 87' lang='lat' dir='ltr'><strong>stultus</strong></span> <span class='ocrx_word' id='word_1_192' title='bbox 1012 2101 1066 2127; x_wconf 91' lang='lat' dir='ltr'><strong>es.</strong></span> <span class='ocrx_word' id='word_1_193' title='bbox 1128 2087 1217 2127; x_wconf 67' lang='lat' dir='ltr'><strong>Gn:</strong></span> <span class='ocrx_word' id='word_1_194' title='bbox 1246 2087 1365 2127; x_wconf 85' lang='lat' dir='ltr'><strong>Salve</strong></span> <span class='ocrx_word' id='word_1_195' title='bbox 1395 2086 1552 2125; x_wconf 82' lang='lat' dir='ltr'><strong>Thales.</strong></span> 
     </span>
     <span class='ocr_line' id='line_1_28' title="bbox 216 2155 604 2196; baseline 0.003 -1"><span class='ocrx_word' id='word_1_196' title='bbox 216 2159 258 2195; x_wconf 85' lang='lat' dir='ltr'><strong>et</strong></span> <span class='ocrx_word' id='word_1_197' title='bbox 287 2155 473 2195; x_wconf 88' lang='lat' dir='ltr'><strong>Pseudol.</strong></span> <span class='ocrx_word' id='word_1_198' title='bbox 506 2158 604 2196; x_wconf 84' lang='grc'>301.</span> 
     </span>
     <span class='ocr_line' id='line_1_29' title="bbox 275 2225 1582 2277; baseline 0 -13"><span class='ocrx_word' id='word_1_199' title='bbox 275 2225 409 2265; x_wconf 88' lang='lat' dir='ltr'><strong>Emito</strong></span> <span class='ocrx_word' id='word_1_200' title='bbox 441 2225 505 2266; x_wconf 91' lang='lat' dir='ltr'><strong>die</strong></span> <span class='ocrx_word' id='word_1_201' title='bbox 536 2239 653 2266; x_wconf 81' lang='lat' dir='ltr'><strong>caeca</strong></span> <span class='ocrx_word' id='word_1_202' title='bbox 681 2227 816 2266; x_wconf 78' lang='lat' dir='ltr'><strong>hercle</strong></span> <span class='ocrx_word' id='word_1_203' title='bbox 847 2227 1009 2277; x_wconf 79' lang='lat' dir='ltr'><strong>olivum,</strong></span> <span class='ocrx_word' id='word_1_204' title='bbox 1039 2227 1080 2266; x_wconf 92' lang='lat' dir='ltr'><strong>id</strong></span> <span class='ocrx_word' id='word_1_205' title='bbox 1110 2227 1276 2267; x_wconf 83' lang='lat' dir='ltr'><strong>vendito</strong></span> <span class='ocrx_word' id='word_1_206' title='bbox 1307 2226 1464 2266; x_wconf 78' lang='lat' dir='ltr'><strong>oculata</strong></span> <span class='ocrx_word' id='word_1_207' title='bbox 1494 2225 1582 2265; x_wconf 88' lang='lat' dir='ltr'><strong>die:</strong></span> 
     </span>
     <span class='ocr_line' id='line_1_30' title="bbox 275 2295 1605 2348; baseline 0 -13"><span class='ocrx_word' id='word_1_208' title='bbox 275 2296 362 2335; x_wconf 86' lang='lat' dir='ltr'><strong>Iam</strong></span> <span class='ocrx_word' id='word_1_209' title='bbox 391 2295 527 2335; x_wconf 78' lang='lat' dir='ltr'><strong>hercle</strong></span> <span class='ocrx_word' id='word_1_210' title='bbox 557 2295 624 2337; x_wconf 85' lang='lat' dir='ltr'><strong>vel</strong></span> <span class='ocrx_word' id='word_1_211' title='bbox 654 2296 849 2336; x_wconf 83' lang='lat' dir='ltr'><strong>ducentae</strong></span> <span class='ocrx_word' id='word_1_212' title='bbox 879 2300 1051 2348; x_wconf 91' lang='lat' dir='ltr'><strong>possunt</strong></span> <span class='ocrx_word' id='word_1_213' title='bbox 1079 2297 1167 2336; x_wconf 90' lang='lat' dir='ltr'><strong>fieri</strong></span> <span class='ocrx_word' id='word_1_214' title='bbox 1197 2299 1428 2348; x_wconf 88' lang='lat' dir='ltr'><strong>praesentes</strong></span> <span class='ocrx_word' id='word_1_215' title='bbox 1458 2296 1605 2336; x_wconf 85' lang='lat' dir='ltr'><strong>minae.</strong></span> 
     </span>
    </p>

    <p class='ocr_par' dir='ltr' id='par_1_5' title="bbox 216 2365 1686 2629">
     <span class='ocr_line' id='line_1_31' title="bbox 335 2365 1684 2419; baseline -0.002 -11"><span class='ocrx_word' id='word_1_216' title='bbox 335 2365 448 2409; x_wconf 82' lang='lat' dir='ltr'><strong>Quae</strong></span> <span class='ocrx_word' id='word_1_217' title='bbox 478 2367 527 2406; x_wconf 88' lang='lat' dir='ltr'><strong>ad</strong></span> <span class='ocrx_word' id='word_1_218' title='bbox 549 2366 716 2407; x_wconf 80' lang='lat' dir='ltr'><strong>Thalem</strong></span> <span class='ocrx_word' id='word_1_219' title='bbox 746 2371 926 2419; x_wconf 81' lang='lat' dir='ltr'><strong>spectare</strong></span> <span class='ocrx_word' id='word_1_220' title='bbox 954 2367 1228 2418; x_wconf 87' lang='lat' dir='ltr'><strong>intellegimus</strong></span> <span class='ocrx_word' id='word_1_221' title='bbox 1259 2380 1311 2406; x_wconf 87' lang='lat' dir='ltr'><strong>ex</strong></span> <span class='ocrx_word' id='word_1_222' title='bbox 1331 2366 1540 2407; x_wconf 87' lang='lat' dir='ltr'><strong>Aristotel.</strong></span> <span class='ocrx_word' id='word_1_223' title='bbox 1562 2366 1684 2406; x_wconf 90' lang='lat' dir='ltr'><strong>Polit.</strong></span> 
     </span>
     <span class='ocr_line' id='line_1_32' title="bbox 216 2430 1685 2488; baseline -0.001 -12"><span class='ocrx_word' id='word_1_224' title='bbox 216 2437 250 2476; x_wconf 95' lang='lat' dir='ltr'><strong>I.</strong></span> <span class='ocrx_word' id='word_1_225' title='bbox 298 2440 371 2476; x_wconf 86' lang='lat'><strong>11:</strong></span> <span class='ocrx_word' id='word_1_226' title='bbox 418 2430 508 2476; x_wconf 87' lang='grc' dir='ltr'><strong><em>οἷον</em></strong></span> <span class='ocrx_word' id='word_1_227' title='bbox 549 2434 619 2475; x_wconf 81' lang='grc' dir='ltr'><strong>καὶ</strong></span> <span class='ocrx_word' id='word_1_228' title='bbox 662 2432 705 2475; x_wconf 79' lang='grc' dir='ltr'><strong>τὸ</strong></span> <span class='ocrx_word' id='word_1_229' title='bbox 754 2432 892 2476; x_wconf 78' lang='grc' dir='ltr'><strong><em>Θάλεω</em></strong></span> <span class='ocrx_word' id='word_1_230' title='bbox 933 2437 1006 2475; x_wconf 89' lang='grc' dir='ltr'><strong>τοῦ</strong></span> <span class='ocrx_word' id='word_1_231' title='bbox 1045 2436 1272 2488; x_wconf 79' lang='grc' dir='ltr'><em>Μιλησίου·</em></span> <span class='ocrx_word' id='word_1_232' title='bbox 1315 2436 1437 2475; x_wconf 85' lang='grc' dir='ltr'><strong><em>τοῦτο</em></strong></span> <span class='ocrx_word' id='word_1_233' title='bbox 1482 2431 1560 2488; x_wconf 77' lang='grc' dir='ltr'><strong>γάρ</strong></span> <span class='ocrx_word' id='word_1_234' title='bbox 1602 2433 1685 2475; x_wconf 80' lang='grc' dir='ltr'><strong><em>ἐστι</em></strong></span> 
     </span>
     <span class='ocr_line' id='line_1_33' title="bbox 218 2500 1686 2560; baseline -0.001 -16"><span class='ocrx_word' id='word_1_235' title='bbox 218 2501 454 2557; x_wconf 80' lang='grc' dir='ltr'><strong><em>κατανόημά</em></strong></span> <span class='ocrx_word' id='word_1_236' title='bbox 487 2521 525 2545; x_wconf 89' lang='grc' dir='ltr'><strong>τι</strong></span> <span class='ocrx_word' id='word_1_237' title='bbox 554 2502 884 2559; x_wconf 79' lang='grc' dir='ltr'><strong><em>χρηματιστικόν,</em></strong></span> <span class='ocrx_word' id='word_1_238' title='bbox 924 2500 1004 2544; x_wconf 71' lang='grc' dir='ltr'><strong><em>ἀλλ’</em></strong></span> <span class='ocrx_word' id='word_1_239' title='bbox 1046 2504 1185 2560; x_wconf 80' lang='grc' dir='ltr'><strong><em>ἐκείνῳ</em></strong></span> <span class='ocrx_word' id='word_1_240' title='bbox 1217 2503 1289 2556; x_wconf 85' lang='grc' dir='ltr'><strong><em>μὲν</em></strong></span> <span class='ocrx_word' id='word_1_241' title='bbox 1318 2501 1387 2544; x_wconf 66' lang='grc' dir='ltr'><strong>διὰ</strong></span> <span class='ocrx_word' id='word_1_242' title='bbox 1430 2501 1504 2555; x_wconf 77' lang='grc' dir='ltr'><strong><em>τὴν</em></strong></span> <span class='ocrx_word' id='word_1_243' title='bbox 1534 2506 1686 2555; x_wconf 72' lang='grc' dir='ltr'><strong><em>σοφίαν</em></strong></span> 
     </span>
     <span class='ocr_line' id='line_1_34' title="bbox 219 2569 1685 2629; baseline -0.002 -14"><span class='ocrx_word' id='word_1_244' title='bbox 219 2570 517 2629; x_wconf 77' lang='grc' dir='ltr'><strong><em>προςάπτουσι,</em></strong></span> <span class='ocrx_word' id='word_1_245' title='bbox 579 2571 765 2627; x_wconf 78' lang='grc' dir='ltr'><strong><em>τυγχάνει</em></strong></span> <span class='ocrx_word' id='word_1_246' title='bbox 822 2572 866 2615; x_wconf 82' lang='grc' dir='ltr'><strong>δὲ</strong></span> <span class='ocrx_word' id='word_1_247' title='bbox 921 2571 1106 2615; x_wconf 80' lang='grc' dir='ltr'><strong><em>καθόλου</em></strong></span> <span class='ocrx_word' id='word_1_248' title='bbox 1162 2590 1196 2614; x_wconf 87' lang='grc' dir='ltr'><strong>τι</strong></span> <span class='ocrx_word' id='word_1_249' title='bbox 1247 2569 1307 2614; x_wconf 73' lang='grc' dir='ltr'><strong><em>ὅν.</em></strong></span> <span class='ocrx_word' id='word_1_250' title='bbox 1378 2569 1685 2626; x_wconf 81' lang='grc' dir='ltr'><strong><em>κατανοήσαντά</em></strong></span> 
     </span>
    </p>
   </div>
   <div class='ocr_carea' id='block_1_4' title="bbox 216 2640 1687 2771">
    <p class='ocr_par' dir='ltr' id='par_1_6' title="bbox 216 2640 1687 2771">
     <span class='ocr_line' id='line_1_35' title="bbox 216 2640 1683 2699; baseline 0 -15"><span class='ocrx_word' id='word_1_251' title='bbox 216 2657 342 2696; x_wconf 83' lang='grc' dir='ltr'><strong><em>φασιν</em></strong></span> <span class='ocrx_word' id='word_1_252' title='bbox 380 2640 505 2686; x_wconf 74' lang='grc' dir='ltr'><strong><em>αὐτόν</em></strong></span> <span class='ocrx_word' id='word_1_253' title='bbox 541 2643 684 2686; x_wconf 74' lang='grc' dir='ltr'><strong><em>ἐλαιῶν</em></strong></span> <span class='ocrx_word' id='word_1_254' title='bbox 723 2642 860 2699; x_wconf 71' lang='grc' dir='ltr'><strong><em>φορὰν</em></strong></span> <span class='ocrx_word' id='word_1_255' title='bbox 891 2643 1085 2698; x_wconf 82' lang='grc' dir='ltr'><strong><em>ἐσομένην</em></strong></span> <span class='ocrx_word' id='word_1_256' title='bbox 1117 2644 1161 2686; x_wconf 80' lang='grc' dir='ltr'><strong>ἐκ</strong></span> <span class='ocrx_word' id='word_1_257' title='bbox 1192 2646 1264 2697; x_wconf 79' lang='grc' dir='ltr'><strong>τῆς</strong></span> <span class='ocrx_word' id='word_1_258' title='bbox 1294 2641 1579 2699; x_wconf 78' lang='grc' dir='ltr'><strong><em>ἀστρολογίας,</em></strong></span> <span class='ocrx_word' id='word_1_259' title='bbox 1624 2643 1683 2684; x_wconf 77' lang='grc' dir='ltr'><strong>ἔτι</strong></span> 
     </span>
     <span class='ocr_line' id='line_1_36' title="bbox 217 2711 1687 2771; baseline -0.001 -16"><span class='ocrx_word' id='word_1_260' title='bbox 217 2716 414 2767; x_wconf 76' lang='grc' dir='ltr'><strong><em>χειμῶνος</em></strong></span> <span class='ocrx_word' id='word_1_261' title='bbox 472 2711 590 2764; x_wconf 77' lang='grc' dir='ltr'><strong><em>ὄντος</em></strong></span> <span class='ocrx_word' id='word_1_262' title='bbox 641 2711 947 2771; x_wconf 77' lang='grc' dir='ltr'><strong><em>εὐπορήσαντα·</em></strong></span> <span class='ocrx_word' id='word_1_263' title='bbox 980 2711 1194 2770; x_wconf 78' lang='grc' dir='ltr'><strong><em>χρημάτων</em></strong></span> <span class='ocrx_word' id='word_1_264' title='bbox 1242 2711 1391 2770; x_wconf 82' lang='grc' dir='ltr'><strong><em>ὀλίγων</em></strong></span> <span class='ocrx_word' id='word_1_265' title='bbox 1440 2712 1687 2769; x_wconf 77' lang='grc' dir='ltr'><strong><em>ἆρῤαβῶνας</em></strong></span> 
     </span>
    </p>
   </div>
   <div class='ocr_carea' id='block_1_5' title="bbox 0 3194 1880 3245">
    <p class='ocr_par' dir='ltr' id='par_1_7' title="bbox 0 3194 1880 3245">
     <span class='ocr_line' id='line_1_37' title="bbox 0 3194 1880 3245; baseline 0 0"><span class='ocrx_word' id='word_1_266' title='bbox 0 3194 1880 3245; x_wconf 95' lang='lat' dir='ltr'><strong> </strong></span> 
     </span>
    </p>
   </div>
  </div>
 </body>
</html>
