1880 3237
816 134 1079 179 -5-

214 246 360 285 addere
391 243 506 293 volo,
547 256 600 283 ex
630 255 711 296 quo
741 242 968 282 necessario
999 241 1184 296 sequitur
1215 254 1335 295 quam
1375 243 1486 281 arete
1517 240 1684 280 coniun-

216 320 305 356 ctus
335 314 391 354 sit
419 317 541 366 poeta
571 314 722 354 Umber
752 327 841 353 cum
863 312 1027 354 Graecis
1059 311 1371 364 exemplaribus.
1429 311 1480 351 In
1512 309 1684 350 Poenuli

211 384 375 422 fabulae
403 396 525 423 versu
556 387 641 421 648
662 383 914 422 Oollabiscus
944 384 994 421 ad
1027 385 1276 433 spectatores
1307 389 1528 420 conversus
1560 381 1686 419 advo-

216 457 327 494 catos
357 453 516 494 confert
555 466 645 493 eum
678 452 847 493 canibus
887 452 957 507 qui
997 450 1151 504 lupum'
1178 451 1223 491 in
1252 450 1393 503 plagas
1424 448 1683 502 compellant,

213 522 284 562 tali
318 523 462 562 modo:
786 516 788 518 ’

390 591 489 631 Cum
530 592 681 643 praeda
719 591 787 632 hic
827 590 949 632 hodie
991 590 1145 631 incedit
1183 591 1355 631 venator
1396 589 1582 639 domum;

389 673 510 700 canes
542 657 792 713 compellunt
827 662 871 700 in
901 661 1042 713 plagas
1079 661 1215 712 lepide
1244 660 1385 712 lupum
1403 659 1465 710 ¹),

212 745 333 785 quem
370 731 511 782 lupum
554 731 708 783 Lycum
738 724 926 771 lenonem
971 743 1059 771 esse
1100 744 1153 770 ex
1181 730 1342 781 integra
1384 743 1505 769 scena
1534 730 1680 769 elucet.

212 800 304 844 Qua
344 813 397 840 ex
425 813 471 840 re
500 800 777 852 intellegimus
819 801 860 839 in
893 800 1045 840 Graeca
1084 800 1225 840 fabula
1260 803 1423 851 poetam
1453 799 1597 839 lusisse
1638 800 1683 839 in

210 871 375 911 nomine
414 870 574 910 lenonis
613 865 764 910 Λύκου
806 873 928 924 atque
970 870 1013 909 in
1046 883 1094 909 ea
1122 869 1254 909 bestia
1284 869 1398 909 cuius
1428 882 1576 908 nomen
1620 872 1683 908 est

210 935 346 986 λύκος.
408 939 527 982 Quod
553 940 722 980 Plautus
748 939 907 980 invenit
950 942 1075 994 atque
1104 939 1314 979 transtulit
1343 951 1478 993 neque
1507 938 1683 978 mutavit

209 1010 311 1050 illud
351 1022 501 1049 nomen
531 1009 691 1049 lenonis
731 1010 801 1050 sed
841 1003 968 1048 λύκου
1000 1009 1248 1049 mentionem
1278 1008 1434 1060 recepit
1469 1022 1560 1048 cum
1590 1020 1681 1048 ver-

210 1082 316 1120 teret
355 1080 514 1131 lupum,
569 1079 638 1132 qui
679 1079 791 1118 iocus
829 1079 873 1117 in
914 1078 1054 1129 lingua
1091 1079 1239 1118 Latina
1277 1078 1397 1119 valde
1436 1077 1603 1118 vacillat
1640 1082 1682 1117 et

210 1149 420 1198 claudicat,
460 1162 579 1202 quam
622 1149 673 1188 ob
703 1162 788 1187 rem
827 1148 907 1187 iam
928 1148 1161 1187 -Lambinus
1193 1147 1361 1187 nimium
1394 1147 1568 1197 diligens
1600 1147 1680 1199 Ly-

209 1232 300 1258 cum
331 1218 505 1258 inseruit
534 1231 608 1270 pro
638 1218 748 1270 lupo.
809 1218 887 1257 Sed
919 1218 1205 1272 quoquomodo
1247 1230 1313 1257 res
1344 1230 1386 1257 se
1417 1217 1561 1266 habet,
1605 1230 1680 1256 nos

209 1292 365 1329 mutare
408 1289 513 1328 hanc
549 1287 764 1328 lecfionem
805 1301 887 1327 non
921 1288 983 1328 fas
1015 1291 1096 1337 est,
1139 1301 1228 1328 eum
1270 1287 1366 1327 inde
1402 1287 1679 1338 intelligamus

208 1358 398 1398 Plautum
429 1358 487 1397 ita
516 1357 700 1408 vestigiis
730 1370 860 1396 novae
891 1358 1121 1396 comoediae
1151 1357 1369 1406 institisse,
1406 1360 1453 1396 ut
1483 1356 1677 1396 Graecam

210 1427 343 1467 iocum
373 1428 463 1479 ipsa
494 1426 636 1466 Graeci
667 1430 811 1478 poetae
842 1427 968 1466 verba
997 1426 1297 1466 accuratissime
1327 1429 1490 1466 secutus
1520 1426 1677 1477 profer-

207 1499 271 1535 ret
300 1499 423 1550 atque
464 1509 512 1535 ea
551 1508 597 1534 re
627 1496 873 1536 obscuraret.
935 1496 1151 1535 Praeterea
1181 1499 1315 1536 autem
1345 1495 1414 1534 hic
1443 1508 1585 1535 versus
1616 1495 1674 1534 di-

210 1579 314 1617 gnus
345 1570 408 1606 est
438 1566 508 1619 qui
530 1564 816 1617 conspiciatur,
845 1578 938 1603 nam
970 1577 1017 1603 eo
1048 1564 1239 1604 certiores
1267 1565 1364 1605 facti
1396 1578 1533 1604 sumus
1554 1564 1675 1604 etiam

208 1636 373 1675 nomina
412 1648 674 1687 personarum
715 1647 797 1673 non
838 1647 1057 1688 numquam
1100 1647 1124 1673 a
1166 1634 1311 1675 Plauto
1351 1634 1548 1675 translata
1588 1647 1675 1674 esse

207 1720 261 1746 ex
290 1705 453 1746 Graecis
483 1704 644 1745 fabulis.

327 1776 470 1828 Itaque
501 1788 592 1814 cum
621 1774 721 1814 haec
753 1774 888 1813 omnia
919 1774 1240 1823 consideremus,
1282 1787 1420 1814 nonne
1452 1775 1674 1814 concedere

209 1845 401 1884 debemus
416 1874 426 1893 ,
455 1843 563 1882 illam
597 1844 874 1897 quaestionem
907 1858 979 1884 suo
1009 1844 1098 1883 iure
1128 1844 1378 1896 propositam
1410 1857 1519 1893 esse,
1565 1846 1673 1898 quod

209 1914 353 1953 summi
384 1913 577 1953 momenti
609 1913 663 1953 sit
693 1913 913 1952 diiudicare
944 1913 1042 1966 quid
1083 1913 1137 1952 sit
1173 1917 1245 1953 aut
1275 1913 1451 1952 Graecae
1491 1917 1563 1953 aut
1593 1914 1675 1953 Ro-

207 1995 348 2021 manae
379 1982 549 2033 originis
579 1983 623 2021 in
654 1982 873 2023 comoediis
904 1983 1131 2022 Plautinis?
1192 1981 1393 2024 Quoniam
1424 1987 1559 2023 autem
1592 1997 1674 2023 una

207 2052 490 2106 disquisitione
523 2053 658 2092 omnia
695 2052 746 2092 ad
773 2053 877 2093 hanc
908 2066 992 2092 rem
1024 2053 1252 2104 spectantia
1282 2066 1518 2104 percurrere
1550 2066 1670 2093 nemo

204 2124 352 2172 potest,
386 2121 573 2175 equidem
595 2122 693 2161 mihi
726 2126 772 2162 ut
802 2122 955 2175 aliquid
983 2122 1205 2174 proferrem
1236 2123 1314 2162 hoc
1344 2123 1433 2162 loeo
1465 2124 1671 2174 proposui,

204 2204 270 2230 res
300 2192 349 2230 ad
382 2191 590 2230 historiam
622 2191 847 2231 fabularem
879 2195 1108 2243 spectantes
1139 2192 1383 2231 examinare.

322 2260 563 2314 Priusquam
594 2265 727 2301 autem
760 2261 810 2300 ad
839 2260 952 2311 ipsos
972 2260 1094 2310 locos,
1127 2260 1197 2314 qui
1229 2261 1280 2300 ad
1310 2262 1523 2302 historiam
1554 2263 1671 2302 fabu-

203 2330 329 2368 larem
360 2333 556 2380 spectant,
588 2331 887 2370 adumbrandos
917 2331 1155 2380 accedimus,
1187 2332 1385 2370 nonnulla
1415 2333 1667 2383 praemoneri

204 2400 313 2438 hand
345 2412 369 2438 a
398 2411 442 2438 re
473 2398 561 2438 fore
599 2399 731 2439 visum
772 2404 844 2439 est.
914 2400 1155 2439 Tractentur
1185 2401 1291 2439 enim
1311 2401 1385 2439 'illi
1424 2413 1584 2450 versus,
1625 2402 1670 2441 in

203 2468 350 2522 quibus
380 2481 577 2520 personae
608 2469 834 2510 cotidianae
865 2469 974 2510 vitae
1017 2474 1316 2521 componuntur
1353 2484 1444 2510 cum
1475 2471 1669 2512 heroibus

200 2538 268 2577 vel
298 2537 389 2577 aliis
409 2539 682 2590 mythologiae
708 2539 849 2590 figuris
880 2540 1001 2579 rebus
1033 2553 1170 2579 eorum
1202 2540 1354 2579 comice
1386 2541 1546 2580 collatis
1578 2555 1669 2581 cum

296 2628 329 2675 1)
355 2631 405 2663 sic
429 2630 519 2663 enim
536 2631 750 2663 scribendum
774 2634 826 2664 est
850 2631 964 2663 codice
981 2632 1205 2664 Ambrosiano
1230 2632 1335 2673 duce;
1361 2642 1461 2673 quam
1488 2632 1668 2665 lectionem

201 2688 362 2722 Goetzius
385 2692 420 2723 et
443 2689 567 2722 Loewe
590 2690 626 2723 in
651 2690 793 2722 Poenuli
817 2690 964 2722 editione
989 2691 1259 2730 adsumpserunt.
1298 2699 1309 2708 ·
