1880 3245
787 169 1080 214 ...29-

203 290 291 319 esse
320 276 404 322 iam
431 278 647 329 propterea
685 277 772 318 veri
804 276 935 317 simile
966 279 1048 326 est,
1089 277 1198 330 quod
1227 276 1381 316 Nemea
1423 290 1506 317 non
1547 276 1669 328 longe

202 348 344 392 aberat
393 347 443 387 ab
484 346 793 389 Atheniensium
833 348 946 388 urbe.
1018 346 1172 390 Quodsi
1216 347 1491 398 concedimus,
1547 347 1669 388 etiam

208 416 422 470 Olympiae
454 418 606 458 mentio
637 431 719 457 una
748 418 900 469 pendet
928 431 981 456 ex
1009 416 1162 457 Graeco
1194 417 1429 468 exemplari,
1461 419 1574 458 cuius
1605 432 1671 458 ur-

203 487 267 527 bis
286 477 413 537 ludos,
447 490 488 528 et
508 501 612 541 quae
642 500 734 527 cum
753 487 812 527 eis
834 487 1053 528 cohaerent
1078 486 1263 528 invenias
1285 486 1416 536 citata,
1447 489 1553 539 apud
1579 489 1671 529 Ari-

205 556 337 607 steph.
368 569 479 608 vesp.
517 561 580 597 13.
614 557 820 597 82.'Plut.
854 560 952 597 588.
982 570 1045 598 av.
1082 560 1204 597 1121.

327 697 377 735 In
408 695 718 737 Cistellaria
747 699 869 748 poeta
887 696 1022 736 lenam
1053 697 1329 737 cohortantem
1357 697 1456 737 facit
1484 697 1672 749 puellam,

208 769 256 807 ut
285 766 452 807 stultum
483 780 659 807 amorem
699 766 820 807 unius
850 767 967 807 amici
998 770 1124 819 ponat
1162 771 1204 808 et
1244 771 1384 808 contra
1414 781 1554 807 omnes
1584 768 1674 821 qui-

212 850 372 890 cunque
402 837 581 887 veniant,
612 837 793 886 adamat,
823 837 855 877 si
887 838 1050 887 beatam,
1077 837 1202 878 vitam
1234 838 1379 888 degere
1409 837 1533 886 velit,
1565 837 1676 877 hisce

210 906 367 947 verbis:
399 907 450 959 (Ι.
486 910 521 956 1,
555 906 627 958 50)

270 976 374 1016 Nam
405 976 437 1017 si
470 976 632 1031 quidem
666 976 725 1017 ita
755 977 835 1017 eris
865 979 912 1017 ut
939 977 1034 1018 volo
1064 990 1284 1031 numquam
1315 977 1471 1018 Hecate
1503 977 1587 1026 fies,

269 1059 507 1100 semperque
536 1047 656 1087 istam
687 1060 808 1101 quam
837 1061 947 1087 nuno
975 1048 1100 1087 habes
1130 1048 1347 1088 aetatulam
1378 1047 1595 1087 obtinebis.

331 1117 470 1169 Atque
500 1116 542 1155 in
574 1116 710 1167 priore
740 1129 862 1157 versu
898 1117 943 1155 in
973 1117 1061 1157 cod.
1094 1117 1126 1155 B
1166 1129 1190 1155 a
1218 1116 1350 1167 prima
1379 1129 1525 1156 manu:
1564 1130 1679 1155 num-

215 1197 334 1239 quam
367 1187 409 1224 et
436 1185 538 1225 haec
568 1188 634 1226 ate
664 1185 759 1226 fies:
799 1188 1023 1226 correctum
1053 1188 1115 1226 est
1153 1185 1216 1226 in:
1257 1199 1477 1240 numquam
1519 1185 1676 1226 Hecate

215 1254 299 1294 fies.
348 1253 438 1296 Quo
469 1254 513 1293 in
542 1268 674 1304 versu,
707 1255 777 1309 qui
808 1255 930 1295 etiam
960 1260 1127 1307 propter
1147 1255 1333 1295 metricas
1363 1256 1543 1295 rationes
1573 1255 1681 1294 diffi-

217 1322 385 1364 cultates
415 1324 583 1375 praebet
613 1327 654 1365 et
684 1327 896 1377 corruptus
927 1338 1014 1365 esse
1043 1325 1215 1375 videtur,
1246 1324 1364 1366 valde
1395 1325 1582 1377 displicet
1610 1325 1682 1364 illa

217 1393 396 1433 Hecatae
426 1394 591 1434 mentio.
652 1392 767 1434 Nam*
795 1395 838 1434 in
879 1395 1064 1435 versibus
1104 1394 1436 1435 antecedentibus
1475 1394 1568 1434 lena
1608 1408 1679 1434 ex-

217 1462 334 1514 ponit
363 1463 635 1504 meretricium
667 1467 901 1518 quaestum:

216 1532 320 1571 Nam
360 1533 394 1572 si
437 1534 537 1574 haec
575 1547 659 1573 non
689 1535 837 1583 nubat,
883 1534 1046 1585 lugubri
1078 1534 1176 1572 mihi
1206 1535 1313 1573 fame
1342 1534 1498 1573 familia
1527 1538 1680 1585 pereat.

219 1601 321 1640 Inde
371 1602 555 1655 sequitur
604 1616 690 1642 eam
704 1634 714 1652 ,
767 1616 870 1657 quae
919 1615 1078 1654 semper
1130 1604 1278 1652 nubat,
1324 1616 1543 1654 pauperem
1594 1603 1683 1643 fieri

218 1684 299 1711 non
331 1685 472 1723 posse,
504 1675 626 1726 atque
657 1676 872 1725 propterea
901 1673 1001 1713 haec
1031 1673 1234 1713 sententia
1265 1686 1344 1712 non
1377 1676 1511 1724 potest
1541 1673 1684 1713 referri

218 1741 267 1780 ad
299 1744 484 1791 aetatem,
516 1743 584 1782 sed
617 1743 665 1782 ad
697 1742 971 1783 conditionem
1003 1746 1225 1792 externam,
1254 1743 1394 1796 itaque
1410 1743 1566 1783 Hecate
1599 1757 1684 1782 non

220 1811 412 1864 quadrat,
452 1826 541 1852 cum
582 1826 625 1852 re
668 1826 765 1854 vera
808 1827 890 1853 non
933 1826 1087 1866 pauper
1127 1813 1272 1863 fuerit,
1316 1826 1448 1867 neque
1488 1827 1679 1867 umquam

219 1881 433 1921 coniuncta
463 1883 517 1922 sit
557 1897 647 1923 cum
690 1887 776 1924 arte
806 1884 1044 1924 meretricia.
1106 1884 1184 1923 Sed
1215 1884 1333 1924 unice
1363 1896 1524 1932 verum,
1575 1884 1683 1936 quod

220 1950 319 1990 Pius
360 1953 517 2003 posuit,
558 1958 621 1994 est
650 1954 823 2004 Hecale,
866 1968 1107 2008 quamquam
1151 1953 1403 1994 subtilissimi
1442 1953 1581 1993 iudicii
1622 1954 1687 1994 vir

221 2020 431 2061 oblocutus
463 2026 525 2063 est
554 2024 735 2064 Naekius
767 2025 815 2063 de
846 2024 998 2064 Hecale
1029 2037 1094 2075 pg.
1129 2026 1196 2062 24.

337 2090 519 2132 Hecalen
560 2106 657 2133 vero
705 2093 830 2134 fuisse
881 2107 1001 2133 anum
1043 2092 1328 2144 pauperculam
1370 2092 1588 2143 accipimus
1633 2105 1686 2131 ex

222 2161 455 2202 Callimachi
477 2161 652 2203 Hecalae
674 2164 815 2216 epyllii
845 2163 1096 2215 fragmentis,
1130 2166 1172 2202 et
1193 2177 1245 2202 ex
1265 2162 1481 2202 Plutarcho
1513 2161 1684 2215 aliisque

172 2238 178 2242 ”
223 2232 531 2284 mythographis
562 2234 631 2287 qui
663 2233 777 2273 illum
799 2237 1098 2285 excerpserunt.
1144 2236 1280 2287 Atque
1311 2235 1409 2272 nota
1428 2236 1515 2271 erat
1535 2230 1689 2271 Hecale

226 2302 335 2354 quod
366 2301 565 2343 Theseum
596 2307 736 2344 contra
766 2308 925 2344 taurum
956 2303 1326 2343 Marathoniensem
1367 2300 1688 2353 proficiscentem

225 2374 333 2411 tecto
361 2375 570 2424 receperat
596 2376 720 2428 atque
752 2374 940 2423 coluerat,
967 2373 1154 2427 quamvis
1184 2372 1298 2413 tenui
1318 2371 1426 2412 vitae
1456 2370 1689 2410 conditione

227 2454 301 2481 usa
330 2446 448 2483 esset.
510 2442 763 2498 Quamquam
805 2458 925 2483 anum
955 2443 1137 2483 Hecalen
1180 2445 1324 2494 poetae
1354 2453 1513 2492 semper
1543 2440 1690 2480 descri-

228 2513 343 2562 bunt,
375 2516 509 2554 tamen
541 2515 759 2566 praecipue
788 2514 979 2555 inclaruit
1009 2527 1056 2553 ea
1085 2527 1148 2563 re,
1180 2513 1288 2566 quod
1318 2524 1471 2562 pauper
1502 2513 1600 2558 erat,
1633 2514 1692 2550 at-

230 2595 310 2635 que
340 2582 419 2622 hoc
449 2584 727 2635 cognoscimus
767 2598 820 2624 ex
858 2584 989 2636 poetis
1031 2587 1073 2623 et
1112 2581 1397 2634 scriptoribus,
1440 2580 1511 2634 qui
1551 2583 1691 2619 exacte

230 2656 445 2693 versantur
486 2654 530 2693 in
568 2655 850 2695 enumerandis
880 2653 1067 2695 omnibus
1106 2654 1236 2701 rebus,
1271 2664 1374 2705 quae
1405 2650 1582 2690 Hecalae
1624 2654 1695 2687 aut

231 2722 436 2764 defuerint
464 2728 536 2766 aut
563 2724 782 2766 adfuerint.
842 2725 941 2764 Cum
970 2724 1097 2775 igitur
1117 2724 1398 2774 paupertatem
1429 2719 1573 2761 summi
1606 2733 1691 2758 mo-
