1880 3245
820 164 1110 208 —10-

512 267 596 309 Καὶ
627 266 740 310 κύων
770 265 1001 322 ἆκραχολος

503 334 677 390 Ἑκάτης
707 335 864 391 αγαλμα
894 336 1123 393 φωςφόρου
1152 336 1387 393 γενήσομαι.

227 406 377 446 Canem
429 421 517 448 esse
564 403 735 460 Ἑκάτης
779 404 939 461 ἄγαλμα
979 414 1150 462 apparet
1188 424 1242 450 ex
1282 410 1471 450 Bekkeri
1504 411 1699 451 Anecdot.

225 489 266 526 p.
299 477 396 526 327,
435 481 507 517 13;
541 474 773 531 Ἀγάλματα
801 473 997 529 Ἑκάτης.·
1028 477 1075 517 αἱ
1096 476 1231 559 κύνῗς.
1264 474 1438 518 θύονται
1473 474 1550 533 γὰρ
1580 473 1698 535 αὐτῇ.

227 547 386 586 Ibidem
416 561 456 598 p.
493 551 591 597 336,
624 552 700 589 31:
753 543 911 602 αγαλμα
940 543 1112 600 Ἑκάτης
1142 544 1217 600 την
1246 544 1351 589 κύνα
1380 563 1525 596 ουτως
1542 548 1700 602 εἴρηκεν
1751 542 1753 544 ’

229 609 532 667 Ἀριστοφάνης
562 613 629 657 δια
660 614 705 657 τό
739 616 987 671 ἐκφέρεσθαι
1016 620 1065 674 τῇ
1094 612 1254 674 Ἑκάτῃ
1262 614 1402 664 κύνας.

348 687 526 726 Eandem
559 700 645 727 rem
675 688 809 739 tangit
838 689 1135 740 Aristophanes
1163 689 1208 728 iu
1239 689 1342 728 Rau.
1373 701 1433 729 vs.
1467 691 1574 728 293:

497 751 576 795 ἄλλ’
609 752 740 797 οὐκέτ’
771 771 825 796 αυ
857 753 963 810 γυνὴ
992 758 1107 804 ’στιν,
1140 752 1224 797 αλλ’
1253 751 1336 808 ήδη
1366 752 1487 797 κύων.

227 827 352 876 atque
385 826 597 865 Hecubam
627 828 679 866 ab
712 828 868 867 Hecate
907 828 951 867 in
982 841 1122 868 canem
1152 831 1347 869 mutatam
1378 841 1489 876 esse,
1526 827 1700 878 legimus

204 893 272 950 »in
306 893 510 946 Lycophr.
543 896 765 936 Alexandr.
802 897 911 936 1174
944 911 1051 951 eqs.:

508 956 542 1004 ὦ
571 966 710 1017 μῆτερ,
743 957 777 1005 οἷ
809 961 1023 1018 ὃύςμητερ,
1056 963 1155 1007 οὐδὲ
1184 962 1260 1007 σόν
1290 965 1406 1014 κλέος

504 1029 689 1074 ἄπυστον
719 1033 842 1083 ἔσται,
881 1034 1072 1088 Περσέως
1103 1033 1148 1076 δὲ
1179 1026 1389 1089 παρθένὸς

511 1100 653 1156 Βριμώ
692 1104 927 1157 Τρίμορφος
957 1103 1129 1156 θήσεται
1158 1103 1193 1145 σ’
1234 1104 1422 1146 ἐπωπίδα

508 1174 717 1225 κλαγγαῖσι
744 1169 1059 1226 ταρμύσσουσαν
1091 1171 1274 1225 ἐννύχοις
1304 1170 1488 1227 βροτούς.

226 1242 275 1281 cf.
307 1241 519 1283 Scholiast.
551 1244 602 1283 ad
632 1244 707 1283 hos
731 1257 895 1284 versus:
928 1242 1021 1297 περὶ
1051 1239 1367 1295 Ἑκάβηςγωιῑι
1400 1233 1450 1284 cf.⁴
1473 1244 1592 1285 ovid.
1614 1245 1700 1283 Me-

224 1313 425 1362 tamorph.
458 1313 582 1352 XIII.
613 1327 651 1353 v.
688 1315 938 1363 555—575‚
980 1314 1052 1367 qui
1081 1314 1218 1353 hausti
1250 1317 1346 1353 sunt
1376 1326 1435 1363 ex,
1458 1314 1573 1352 fonte
1603 1313 1698 1351 Ale-

224 1381 448 1430 xandrino,
482 1382 658 1435 denique
694 1383 744 1422 cf.
777 1383 936 1434 Dictyis
966 1383 1297 1423 Cretensis.belli
1326 1383 1491 1423 Troiani
1524 1382 1615 1422 libr.
1648 1383 1698 1431 V,

225 1464 288 1500 cp.
317 1454 390 1489 16:
422 1452 609 1490 Ceterum
641 1456 736 1502 post
763 1453 992 1491 abscessum
1014 1453 1127 1491 Ulixi
1157 1452 1340 1501 Hecuba,
1373 1464 1456 1505 quo
1488 1448 1699 1491 sei-vitium

223 1523 353 1559 morte
385 1520 574 1569 solveret,
604 1521 733 1561 multa
760 1522 947 1572 ingerere
979 1522 1194 1562 maledicta
1224 1522 1520 1574 imprecatique
1544 1520 1698 1560 infesta

227 1589 363 1627 omina
394 1589 438 1627 in
470 1590 716 1629 exercitum:
759 1603 840 1643 qua
880 1603 924 1629 re
955 1594 1089 1630 motus
1120 1590 1235 1630 miles
1266 1590 1469 1642 lapidibus
1512 1590 1699 1629 obrutam

224 1671 312 1697 eam
355 1664 475 1699 necat
505 1659 818 1714 sepulcrumque
859 1660 966 1711 apud
997 1660 1188 1713 Abydum
1229 1660 1421 1701 statuitur
1451 1658 1697 1711 appellatum

224 1728 481 1785 Cynossema·
502 1729 552 1767 ob
575 1729 739 1778 linguae
760 1729 1009 1779 proterviam
1031 1730 1389 1782 impudentemque
1410 1728 1697 1779 pedulantiam.

224 1800 361 1851 Atque
383 1797 630 1849 Cynossema
661 1798 914 1838 nominatum
945 1797 1025 1837 iam
1057 1798 1208 1849 legitur
1237 1799 1343 1849 apud
1364 1797 1612 1849 Euripidem,
1645 1797 1697 1837 cf.

224 1867 384 1906 Hecub.
420 1867 531 1906 1272
564 1881 671 1920 eqs.:

510 1935 703 1975 Θανοῦσα
733 1931 876 1990 τύμβῳ
908 1935 944 1974 δ’
980 1932 1109 1988 ὄνομα
1140 1927 1213 1976 σόν
1243 1933 1487 1988 κεκλήσεται.

504 2030 562 2036 -
595 2007 781 2059 Μορφῆς
811 2003 1018 2060 ἕμπφδόν,
1050 2002 1079 2058 ἢ
1107 2006 1146 2046 τί
1174 2008 1245 2058 τῆς
1276 2005 1374 2059 ἐμῆς
1405 2005 1535 2059 &etim-
1567 2030 1625 2037 -

508 2071 645 2122 Κυνὸς
687 2075 875 2126 ταλαίνης
929 2078 1036 2126 σῆμα
1086 2076 1286 2123 ναυτίλοις
1333 2065 1499 2128 τέκμαρ.
1572 2080 1695 2129 atque

225 2146 546 2185 Atheniensibus
576 2159 660 2185 non
691 2146 876 2196 ignotum
914 2150 1002 2185 erat
1043 2150 1213 2197 propter
1238 2146 1515 2197 possessiones
1543 2146 1587 2184 in
1618 2146 1695 2184 hoc

223 2215 325 2253 loco.
377 2215 536 2254 Deinde
557 2216 609 2255 cf.
630 2215 785 2256 Polluc.
809 2215 855 2263 V,
881 2219 916 2255 5.
969 2215 1049 2254 Sed
1069 2216 1168 2268 quid
1188 2215 1326 2255 verbis
1348 2228 1450 2266 opus
1470 2219 1542 2264 est,
1574 2215 1695 2254 Plau-

222 2293 288 2324 tus
328 2285 417 2335 ipse
457 2285 709 2335 testificatur,
751 2286 860 2324 unde
897 2285 1080 2324 hauserit
1119 2283 1220 2323 illud
1262 2298 1353 2324 cum
1383 2285 1539 2325 adfert:
1582 2285 1694 2325 Graii

223 2354 524 2406 praedicabant.

341 2424 442 2463 Tum
473 2425 517 2462 in
548 2437 609 2464 vs.
643 2424 724 2463 743
759 2426 1049 2464 Menaechmus
1079 2424 1294 2475 profitetur
1331 2438 1375 2464 se
1405 2412 1613 2477 nunquam
1644 2424 1693 2463 il-

219 2494 300 2533 lam
331 2494 525 2533 feminam
556 2493 706 2534 vidisse
737 2507 883 2547 neque·
902 2495 1086 2536 novisse:

503 2576 579 2614 ego
618 2567 661 2602 te
691 2564 829 2603 simitu
855 2565 949 2604 novi
981 2577 1073 2603 cum
1105 2564 1358 2612 Porthaone;
1424 2599 1428 2602 .

144 2687 147 2689 -
220 2637 343 2687 atque
374 2634 495 2685 paulo
526 2636 620 2684 post
648 2646 709 2673 vs.
742 2632 851 2672 748:

674 2702 773 2743 novi
805 2715 894 2741 cum
925 2702 1074 2742 Calcha
1103 2702 1246 2742 simult
1712 2760 1720 2766 Α

339 2772 480 2811 eodem
512 2772 577 2811 die
607 2771 724 2811 illum
753 2771 852 2821 vidi,
885 2784 966 2825 quo
997 2775 1039 2811 te
1070 2776 1164 2812 ante
1194 2772 1305 2812 hunc
1335 2772 1455 2813 diem.
1519 2772 1580 2812 De
1602 2772 1690 2812 Cal-
