1880 3245
816 156 1104 200 -49-

343 261 502 301 Deinde
533 274 654 301 versu
688 263 768 301 305
802 260 923 299 huius
954 260 1126 314 fabulae
1172 261 1383 302 Pinacium
1414 276 1439 303 a
1469 263 1696 305 Philomela.

227 333 277 371 ad
308 334 471 382 portum
502 330 647 369 missus
678 329 901 370 revertitur
939 335 980 369 et
1010 331 1059 369 ad
1099 331 1304 371 dominam
1335 334 1607 382 contendens,
1649 338 1695 374 ut

228 414 315 440 eam
350 403 498 449 augeat
528 399 734 451 insperato
766 400 886 448 bono,
918 400 1019 439 haec
1050 402 1175 441 verba
1205 403 1381 454 profert:

283 470 537 510 contundam
567 470 676 509 facta
705 468 896 509 Talthubi
929 474 1266 526 contemnamque
1299 473 1431 513 omnis
1462 474 1647 513 nuntios:

282 539 491 593 Simulque
522 552 731 580 cursuram
762 539 988 580 meditabor
1018 541 1068 580 ad
1098 541 1214 582 ludos
1247 542 1471 596 Olympios.

223 606 485 661 Talthybium
524 609 650 649 fuisse
696 611 884 650 nuntium
931 613 1244 661 Agamemnonis
1285 613 1395 653 inter
1425 628 1565 654 omnes
1597 628 1693 654 con-

223 683 305 719 stat
335 693 387 719 ex
417 679 586 718 Homeri
619 679 735 720 Iliad.
767 681 818 719 A.
852 684 959 720 320:

339 744 433 788 οὐδ’
468 743 729 801 Ἀγαμέμνων

338 815 418 871 λῆγ’
457 815 602 871 ἔριδος,
634 813 708 869 τήν
738 819 900 871 πρῶτον
933 815 1165 870 ἕπηπείλησ’
1194 815 1354 872 Ἀχιλῆι,

339 883 414 927 ἄλλ’
450 883 518 941 δ’γε
555 883 789 940 Ταλθύβιόν
819 903 860 928 τε
898 886 964 928 καὶ
993 883 1239 942 Εὐρυβάτην
1269 887 1521 942 προσέειπεν,

337 953 391 997 rai
424 956 467 997 οἷ
495 955 591 997 ἕσαν
622 953 776 1009 κήρυκε
807 956 874 998 καὶ
906 954 1066 1011 ὀτρηροὶ
1099 955 1335 1012 θεράποντε.

219 1032 355 1082 Atque
405 1028 680 1068 introducitur
730 1028 972 1081 Talthybius
1018 1031 1069 1069 ab
1125 1030 1320 1082 Euripide
1374 1030 1418 1069 in
1461 1031 1689 1071 Troadibus

219 1098 453 1149 tragoedia:

391 1161 556 1219 Ἑκάβη,
589 1163 748 1215 πυκνὰς
778 1164 855 1221 γάρ
889 1162 1015 1207 οἶσθά
1047 1164 1082 1218 μ’
1119 1166 1176 1215 εἰς
1212 1168 1360 1221 Τροίαν
1391 1163 1515 1216 <idetis

393 1232 566 1277 ἐλθόντα
598 1267 805 1278 .......

390 1305 637 1360 ἐγνωσμένος
667 1304 710 1347 δὲ
740 1306 810 1347 καὶ
840 1303 1022 1360 πάροιθέ
1052 1319 1129 1357 σοι,
1161 1304 1294 1361 γύναι,

395 1373 626 1428 Ταλθύβιος
656 1373 757 1429 ἥκω,
789 1373 931 1417 καινόν
961 1372 1137 1429 ἀγγέλων
1166 1373 1297 1431 λόγον,
1331 1392 1410 1433 quo
1442 1375 1549 1434 λόγῳ
1587 1393 1685 1420 con-

213 1448 369 1487 tinetur
399 1448 577 1487 narratio
624 1448 831 1487 omnnium
873 1447 1094 1496 malorum,
1139 1448 1181 1487 in
1224 1461 1327 1502 quae
1365 1449 1537 1489 Hecuba
1578 1451 1684 1489 eius-

215 1531 293 1572 que
335 1517 489 1557 familia
538 1516 780 1557 inciderunt.
855 1517 956 1556 Tum
1000 1517 1044 1556 in
1082 1517 1222 1570 Eurip.
1266 1518 1459 1558 Hecubae
1497 1533 1558 1559 vs.
1600 1523 1682 1559 503

210 1588 404 1638 legimust

429 1651 659 1708 Ταλθύβιος
689 1651 790 1707 ἥκω,
825 1655 1045 1695 Δαναϊδῶν
1074 1650 1292 1709 ὑπηρέτης,

420 1723 726 1780 Ἀγαμέμνονος
756 1723 1011 1777 πέμψαντος,
1044 1717 1078 1765 οἷ
1107 1722 1241 1779 γύναι,
1273 1724 1382 1777 μέτα.

343 1792 352 1798 “
423 1792 513 1847 Σήν
543 1794 671 1834 παῖδα
703 1797 989 1835 κατθανοῦσαν
1021 1791 1077 1841 οἷς
1106 1791 1266 1851 θάψῃς,
1298 1791 1429 1848 γύναι,

424 1861 509 1917 ἥκω
541 1865 802 1917 μεταστείχων
838 1876 891 1904 σε.
956 1868 1094 1919 Atque
1125 1865 1246 1904 etiam
1276 1865 1355 1904 hoc
1383 1864 1472 1904 loco
1505 1866 1678 1920 Talthy-

210 1937 301 1976 bius
342 1936 526 1977 miserias
568 1935 854 1988 pronuntiavit
893 1936 1099 1976 Hecubae.
1160 1934 1202 1974 Si
1234 1934 1544 1985 consideramus,
1588 1937 1679 1977 loco

211 2007 402 2047 Plautino
425 2007 636 2047 Pinacium
668 2006 852 2056 gavisum
885 2020 984 2055 esse,
1017 2006 1124 2060 quod
1156 2005 1262 2045 nihil
1291 2004 1368 2044 nisi
1391 2006 1488 2045 boni
1520 2007 1676 2061 aliquid

211 2077 398 2116 dominae
441 2076 631 2116 nuntiare
662 2076 811 2127 possit,
857 2080 979 2129 atque
1021 2077 1072 2115 ob
1119 2076 1225 2116 hanc
1266 2088 1424 2115 causam
1456 2089 1676 2127 exponere,

211 2161 254 2186 se
284 2146 494 2186 meliorem
527 2146 715 2185 nuntium
746 2158 866 2199 quam
902 2145 1165 2198 Talthybium
1197 2158 1295 2193 esse,
1327 2144 1397 2198 qui
1418 2145 1536 2185 modo
1569 2146 1677 2185 mala
1741 2180 1745 2184 .

210 2203 351 2257 narmt
372 2217 579 2265 Hecubae,
611 2229 729 2255 nemo
751 2215 919 2265 negabit
936 2215 1038 2255 illud
1061 2215 1298 2255 Plautinum
1316 2215 1421 2253 hanc
1439 2227 1526 2253 rem
1546 2215 1676 2267 respi-

210 2300 301 2326 cere
315 2317 325 2335 ‚
359 2299 438 2338 qua
468 2290 677 2334 narratur,
709 2285 971 2337 Talthybium
1002 2285 1191 2324 nuntium
1220 2283 1316 2323 mali
1343 2297 1440 2322 esse.
1500 2285 1610 2333 Ergo
1642 2285 1676 2324 si

208 2356 288 2395 hoc
328 2355 748 2407 paratragodumenon
790 2355 915 2395 habet
946 2354 1148 2409 quandam
1179 2354 1280 2403 vim,
1324 2353 1442 2392 debet
1470 2352 1598 2392 fuisse
1628 2353 1673 2393 in

210 2439 258 2465 ea
287 2426 445 2475 fabula,
479 2438 582 2479 quae
613 2425 749 2465 statim
780 2424 956 2465 recurrit
986 2425 1035 2465 ad
1065 2424 1166 2464 illud
1198 2422 1471 2475 Euripideum,
1502 2423 1527 2461 i.
1561 2438 1595 2463 e.
1627 2423 1671 2463 in

210 2497 363 2536 Graeca
401 2495 550 2535 fabula.
612 2495 689 2535 Sed
728 2495 809 2535 alia
846 2508 967 2534 causa
1009 2498 1163 2543 exstat,
1207 2506 1286 2547 qua
1314 2493 1519 2541 firmetur,
1560 2493 1672 2532 hunc

208 2567 342 2606 locum
384 2566 556 2619 quodam
587 2565 752 2605 vinculo
795 2565 1054 2605 coniunctum
1099 2578 1186 2603 esse
1226 2576 1313 2602 cum
1354 2562 1574 2611 tragoediis
1604 2564 1673 2603 vel

211 2649 314 2689 quae
355 2649 422 2676 eas
466 2635 765 2687 decerpserunt,
809 2634 1028 2675 comoediis
1073 2633 1247 2674 Graecis.
1307 2632 1413 2671 Nam
1456 2632 1670 2672 Pinacium

1361 2775 1386 2810 4
