1880 3245
742 152 1099 213 '-4o-

328 275 517 330 Denique
557 274 602 314 in
633 274 819 315 versibus
853 278 963 315 1285
994 288 1080 329 eqs.
1121 274 1344 315 Pleusicles
1373 277 1683 316 enumeraturus

211 357 282 385 eos
312 345 383 398 qui
413 348 583 396 propter
614 357 789 384 amorem
821 333 1038 385 inhonesta
1068 340 1330 395 admiserunt,
1360 344 1481 386 dicit:

329 414 450 454 Mitto
490 414 599 455 enim
640 417 685 454 ut
725 414 852 454 occidi
896 414 1076 454 Achilles
1122 414 1223 455 civis
1262 427 1405 466 passus
1446 417 1533 465 est,
1581 428 1684 470 quae

212 483 418 525 sententia
460 484 673 524 referenda
714 486 776 524 est
816 484 866 523 ad
898 484 1069 524 Achillis
1113 484 1214 524 iram
1246 487 1374 525 ortam
1406 497 1459 524 ex
1489 484 1685 525 Briseidis

212 567 360 605 amore,
392 568 474 608 qua
502 567 554 594 ne
584 567 746 606 pugnae
775 553 991 595 interesset
1021 554 1254 606 prohibitus
1284 554 1458 595 Achaeis
1487 554 1685 595 maximas

211 625 345 665 clades
374 622 547 677 paravit.

328 764 795 805 InMostellariae
837 776 960 805 versu
992 768 1074 804 528
1116 777 1243 804 senex
1284 765 1417 807 larvas
1446 765 1600 806 versari
1641 765 1685 804 in

211 835 329 874 domo
362 847 435 875 sua
463 837 577 875 ratus
608 848 632 874 a
650 834 854 875 Tranione
885 847 1003 876 servo
1035 834 1200 875 iubetur
1227 835 1419 876 invocare
1441 835 1686 876 Herculem:

388 907 526 960 Atque
557 904 776 946 Herculem
806 905 963 946 invoca.
1023 905 1223 946 Hercules
1251 908 1292 946 te
1321 906 1481 947 invoco.

329 975 409 1018 Qui
440 975 641 1015 Hercules
670 978 733 1016 est
759 969 957 1029 Ἡρακλῆς
986 970 1243 1026 ἀλεξίκακος,
1286 976 1355 1030 qui
1400 979 1487 1017 tota
1517 976 1687 1017 Graecia

211 1047 439 1096 colebatur,
482 1059 603 1099 quem
648 1045 693 1085 in
734 1046 856 1085 rebus
897 1045 1077 1087 adversis
1107 1045 1174 1086 vel
1214 1050 1261 1086 ut
1302 1045 1515 1087 adiuvaret
1542 1046 1611 1087 vel
1639 1050 1687 1086 ut

212 1116 361 1155 malum
404 1116 654 1166 adverteret,
700 1129 724 1155 a
763 1115 927 1155 Graecis
968 1115 1200 1156 invocatum
1245 1129 1332 1156 esse
1370 1116 1590 1168 accipimus
1632 1130 1686 1156 ex

212 1185 377 1225 Graecis
408 1185 647 1235 comoediis,
680 1186 730 1226 cf.
765 1186 1027 1237 Aristophan.
1059 1186 1238 1226 Acharn.
1271 1188 1368 1236 284,
1398 1185 1483 1225 ubi·
1500 1185 1687 1226 nonnulli

210 1254 468 1306 Dicaiopolin
500 1256 678 1307 aggressi
700 1258 818 1296 sunt:
846 1249 1068 1309 Ἡράκλεις,
1099 1253 1210 1294 τουτὶ
1233 1254 1270 1294 τί
1299 1253 1381 1295 ἔστι
1390 1270 1404 1304 ς
1436 1250 1509 1307 τὴν
1538 1251 1686 1310 χύτραν

211 1323 460 1378 συντρίψετε.
532 1325 601 1366 vel
637 1327 733 1366 nub.
780 1328 886 1365 184:
933 1316 968 1364 οἶ
1006 1319 1225 1378 Ἡράκλεις,
1269 1322 1384 1365 ταυτὶ
1426 1321 1595 1366 ποδαποὶ
1637 1320 1687 1365 τοὶ

210 1393 351 1447 θηρία.
414 1396 462 1437 cf.
504 1409 567 1438 av.
599 1399 668 1444 93.
708 1396 775 1437 vel
804 1409 917 1448 vesp.
961 1399 1070 1436 420:
1110 1389 1317 1449 Ἡράκλεις
1357 1393 1427 1436 καὶ
1468 1393 1591 1449 κέντρ’
1626 1394 1687 1448 ἕχ-

210 1475 348 1504 ουσιν·
399 1460 473 1517 οὐχ
514 1462 634 1522 ὁρᾷς,
683 1456 717 1513 ὦ
758 1462 955 1514 δέσποτα;
1004 1465 1072 1506 vel
1113 1478 1200 1506 ran.
1242 1470 1324 1506 298
1372 1466 1421 1506 cf.
1462 1467 1687 1519 Antiphan.

209 1533 492 1588 *Ἀλιευομένης
522 1537 626 1588 frag.
658 1535 800 1589 (Mein.
831 1536 911 1576 III.
943 1550 1009 1588 pg.
1046 1536 1130 1588 12.)

460 1601 543 1653 Τᾶς
573 1605 723 1658 σηπίας
753 1601 826 1653 δός
856 1606 1032 1660 πρῶτον.
1064 1599 1309 1659 ’ἾΙρᾶκλεις
1338 1600 1451 1654 ἄναξ,

454 1671 618 1715 ἅπαντα
648 1670 937 1716 τεθολώκασιν.

212 1745 264 1785 cf.
297 1745 484 1786 Alexidis
519 1746 857 1801 Παγκρατιαστοῦ
887 1747 990 1797 frag.
1024 1746 1166 1797 (Mein.
1196 1745 1278 1785 ΠΙ.
1308 1760 1348 1797 p.
1382 1744 1483 1797 461)

424 1816 598 1869 Πρῶτον
627 1812 700 1866 μὲν
730 1806 782 1867 ἦν
813 1825 879 1855 σοι
911 1812 1173 1866 Καλλιμέδων
1204 1810 1228 1854 ὅ
1260 1810 1467 1869 Κάραβος,

426 1882 563 1924 ἔπειτα
597 1880 791 1937 Κόρυδος
823 1913 999 1924 ......

424 1983 432 1992 .
458 1984 466 1993 .
493 1984 500 1993 .
526 1984 534 1993 .
565 1948 783 2009 Ἠράκλεις
814 1953 917 2005 φίλε,

420 2019 670 2078 ἀγοράσματ’
699 2020 992 2076 ου’συμπόσιον
1022 2022 1200 2078 εἴρηκας,
1232 2019 1364 2078 γύναι.

331 2096 522 2149 Denique
566 2098 675 2136 certe
719 2108 773 2135 ex
813 2095 1032 2136 comoediis
1061 2095 1233 2146 legimus
1262 2095 1307 2134 in
1337 2095 1480 2143 Suida,
1522 2094 1586 2134 Et.
1619 2094 1687 2143 M„

216 2165 447 2217 Hesychio:
494 2158 719 2219 Ἡράκλεις,
772 2159 826 2213 οἷς
866 2161 1102 2213 ἀλεξίκακον
1151 2160 1223 2204 τόν
1261 2158 1457 2217 Ἡρακλέα
1495 2161 1552 2210 εἰς
1590 2158 1688 2215 βοή-

213 2238 336 2274 θειαν
366 2229 536 2274 ἐκάλουν
565 2232 785 2288 γενομένης
815 2234 919 2286 βίας.

331 2374 384 2413 In
415 2374 448 2413 P
461 2386 542 2414 ers
555 2387 611 2413 ae
638 2375 800 2414 fabulae
821 2375 1008 2417 versibus
1029 2373 1172 2427 primis
1204 2373 1319 2428 quasi
1340 2373 1684 2414 enumerationem

214 2459 499 2487 aerumnarum
542 2445 732 2485 Herculis
774 2447 969 2486 habemus
982 2477 992 2495 ,
1034 2445 1203 2485 Toxilus
1256 2445 1363 2485 euim
1406 2458 1548 2486 servus
1587 2445 1687 2484 haec

216 2517 314 2557 dicit
327 2532 336 2556 ε

306 2585 389 2629 Qui
419 2598 558 2625 amans
589 2598 714 2636 egens
744 2586 950 2635 ingressus
981 2590 1043 2625 est
1072 2585 1261 2636 princeps
1290 2585 1440 2625 amoris
1469 2584 1512 2623 in
1542 2584 1642 2633 vias,

304 2654 521 2707 Super-avit
550 2654 756 2695 aerumnis
786 2654 869 2694 suis
898 2667 1111 2695 aerumnas
1141 2668 1279 2696 omnes
1309 2654 1491 2704 Herculi,
