<?xml version="1.0" encoding="UTF-8"?>
<!DOCTYPE html PUBLIC "-//W3C//DTD XHTML 1.0 Transitional//EN"
    "http://www.w3.org/TR/xhtml1/DTD/xhtml1-transitional.dtd">
<html xmlns="http://www.w3.org/1999/xhtml" xml:lang="en" lang="en">
 <head>
  <title>
</title>
<meta http-equiv="Content-Type" content="text/html;charset=utf-8" />
  <meta name='ocr-system' content='tesseract 3.04.00' />
  <meta name='ocr-capabilities' content='ocr_page ocr_carea ocr_par ocr_line ocrx_word'/>
</head>
<body>
  <div class='ocr_page' id='page_1' title='image "4737190_0052.png"; bbox 0 0 1880 3245; ppageno 0'>
   <div class='ocr_carea' id='block_1_1' title="bbox 816 176 1108 220">
    <p class='ocr_par' dir='ltr' id='par_1_1' title="bbox 816 176 1108 220">
     <span class='ocr_line' id='line_1_1' title="bbox 816 176 1108 220; baseline 0 -12"><span class='ocrx_word' id='word_1_1' title='bbox 816 176 1108 220; x_wconf 62' lang='lat'>„42-</span> 
     </span>
    </p>
   </div>
   <div class='ocr_carea' id='block_1_2' title="bbox 221 279 1698 1161">
    <p class='ocr_par' dir='ltr' id='par_1_2' title="bbox 222 279 1698 478">
     <span class='ocr_line' id='line_1_2' title="bbox 225 279 1696 338; baseline -0.001 -14"><span class='ocrx_word' id='word_1_2' title='bbox 225 298 307 324; x_wconf 89' lang='lat' dir='ltr'>non</span> <span class='ocrx_word' id='word_1_3' title='bbox 351 284 477 325; x_wconf 92' lang='lat' dir='ltr'>semel</span> <span class='ocrx_word' id='word_1_4' title='bbox 518 286 707 336; x_wconf 86' lang='lat' dir='ltr'>spectant</span> <span class='ocrx_word' id='word_1_5' title='bbox 745 283 890 335; x_wconf 83' lang='lat' dir='ltr'>poetae</span> <span class='ocrx_word' id='word_1_6' title='bbox 932 284 977 324; x_wconf 92' lang='lat' dir='ltr'>in</span> <span class='ocrx_word' id='word_1_7' title='bbox 1020 283 1137 324; x_wconf 86' lang='lat' dir='ltr'>Iliad.</span> <span class='ocrx_word' id='word_1_8' title='bbox 1172 283 1220 323; x_wconf 85' lang='grc' dir='ltr'>Θ.</span> <span class='ocrx_word' id='word_1_9' title='bbox 1264 283 1350 324; x_wconf 85' lang='grc'><strong>478</strong></span> <span class='ocrx_word' id='word_1_10' title='bbox 1380 297 1491 338; x_wconf 58' lang='lat' dir='ltr'>equ,</span> <span class='ocrx_word' id='word_1_11' title='bbox 1532 279 1579 326; x_wconf 75' lang='grc' dir='ltr'>Ξ.</span> <span class='ocrx_word' id='word_1_12' title='bbox 1610 281 1696 322; x_wconf 85' lang='grc'>270</span> 
     </span>
     <span class='ocr_line' id='line_1_3' title="bbox 224 353 1698 408; baseline 0 -14"><span class='ocrx_word' id='word_1_13' title='bbox 224 368 328 407; x_wconf 90' lang='lat' dir='ltr'>eqs.;</span> <span class='ocrx_word' id='word_1_14' title='bbox 359 354 462 394; x_wconf 92' lang='lat' dir='ltr'>adde</span> <span class='ocrx_word' id='word_1_15' title='bbox 495 355 605 408; x_wconf 89' lang='lat' dir='ltr'>quod</span> <span class='ocrx_word' id='word_1_16' title='bbox 623 354 820 394; x_wconf 87' lang='lat' dir='ltr'>Arctinus</span> <span class='ocrx_word' id='word_1_17' title='bbox 851 354 1037 396; x_wconf 81' lang='lat' dir='ltr'>Milesius</span> <span class='ocrx_word' id='word_1_18' title='bbox 1061 353 1397 395; x_wconf 81' lang='lat' dir='ltr'>Titanomachian</span> <span class='ocrx_word' id='word_1_19' title='bbox 1424 353 1698 406; x_wconf 76' lang='lat' dir='ltr'><strong>composuisse</strong></span> 
     </span>
     <span class='ocr_line' id='line_1_4' title="bbox 222 423 1698 478; baseline 0.001 -16"><span class='ocrx_word' id='word_1_20' title='bbox 222 423 375 473; x_wconf 83' lang='lat' dir='ltr'>fertur,</span> <span class='ocrx_word' id='word_1_21' title='bbox 419 427 506 464; x_wconf 89' lang='lat' dir='ltr'>tum</span> <span class='ocrx_word' id='word_1_22' title='bbox 536 423 752 475; x_wconf 82' lang='lat' dir='ltr'>Euripides</span> <span class='ocrx_word' id='word_1_23' title='bbox 793 423 839 463; x_wconf 93' lang='lat' dir='ltr'>in</span> <span class='ocrx_word' id='word_1_24' title='bbox 869 424 1065 464; x_wconf 80' lang='lat' dir='ltr'><strong>Hecubae</strong></span> <span class='ocrx_word' id='word_1_25' title='bbox 1095 438 1154 465; x_wconf 89' lang='lat' dir='ltr'>vs.</span> <span class='ocrx_word' id='word_1_26' title='bbox 1190 424 1271 463; x_wconf 83' lang='lat'>473</span> <span class='ocrx_word' id='word_1_27' title='bbox 1304 436 1389 478; x_wconf 86' lang='lat' dir='ltr'>eqs.</span> <span class='ocrx_word' id='word_1_28' title='bbox 1420 436 1490 464; x_wconf 92' lang='lat' dir='ltr'>eos</span> <span class='ocrx_word' id='word_1_29' title='bbox 1518 424 1698 475; x_wconf 79' lang='lat' dir='ltr'>profert:</span> 
     </span>
    </p>

    <p class='ocr_par' dir='ltr' id='par_1_3' title="bbox 645 487 1062 545">
     <span class='ocr_line' id='line_1_5' title="bbox 645 487 1062 545; baseline -0.002 -14"><span class='ocrx_word' id='word_1_30' title='bbox 645 487 673 543; x_wconf 82' lang='grc' dir='ltr'>ἢ</span> <span class='ocrx_word' id='word_1_31' title='bbox 709 487 892 533; x_wconf 80' lang='grc' dir='ltr'><strong><em>Τιτάνων</em></strong></span> <span class='ocrx_word' id='word_1_32' title='bbox 922 489 1062 545; x_wconf 73' lang='grc' dir='ltr'><strong><em>γενεάν</em></strong></span> 
     </span>
    </p>

    <p class='ocr_par' dir='ltr' id='par_1_4' title="bbox 644 556 1117 619">
     <span class='ocr_line' id='line_1_6' title="bbox 644 556 1117 619; baseline 0.006 -18"><span class='ocrx_word' id='word_1_33' title='bbox 644 557 718 601; x_wconf 76' lang='grc' dir='ltr'>τάν</span> <span class='ocrx_word' id='word_1_34' title='bbox 753 556 858 609; x_wconf 85' lang='grc' dir='ltr'><em>Ζευς</em></span> <span class='ocrx_word' id='word_1_35' title='bbox 888 557 1117 619; x_wconf 75' lang='grc' dir='ltr'>ἄμφιπύρφ</span> 
     </span>
    </p>

    <p class='ocr_par' dir='ltr' id='par_1_5' title="bbox 221 631 1696 1161">
     <span class='ocr_line' id='line_1_7' title="bbox 645 631 1259 687; baseline 0 -16"><span class='ocrx_word' id='word_1_36' title='bbox 645 631 795 683; x_wconf 78' lang='grc' dir='ltr'><strong><em>κομίζει</em></strong></span> <span class='ocrx_word' id='word_1_37' title='bbox 828 633 998 687; x_wconf 78' lang='grc' dir='ltr'><strong><em>φλογμῷ</em></strong></span> <span class='ocrx_word' id='word_1_38' title='bbox 1032 631 1259 686; x_wconf 72' lang='grc' dir='ltr'><strong><em>Κρονίδαςς</em></strong></span> 
     </span>
     <span class='ocr_line' id='line_1_8' title="bbox 223 693 1696 756; baseline 0 -15"><span class='ocrx_word' id='word_1_39' title='bbox 223 702 400 755; x_wconf 90' lang='lat' dir='ltr'>denique</span> <span class='ocrx_word' id='word_1_40' title='bbox 431 702 644 754; x_wconf 82' lang='lat' dir='ltr'>Eupolidis</span> <span class='ocrx_word' id='word_1_41' title='bbox 675 706 718 743; x_wconf 88' lang='grc'>81</span> <span class='ocrx_word' id='word_1_42' title='bbox 738 703 893 744; x_wconf 87' lang='lat' dir='ltr'>Cratini</span> <span class='ocrx_word' id='word_1_43' title='bbox 924 693 1272 756; x_wconf 73' lang='lat' dir='ltr'>supersunt&#39;fituli</span> <span class='ocrx_word' id='word_1_44' title='bbox 1302 702 1464 743; x_wconf 85' lang='lat' dir='ltr'>fabulae</span> <span class='ocrx_word' id='word_1_45' title='bbox 1502 695 1696 741; x_wconf 78' lang='grc' dir='ltr'><strong><em>Τιτάνων.</em></strong></span> 
     </span>
     <span class='ocr_line' id='line_1_9' title="bbox 224 771 1694 823; baseline -0.002 -9"><span class='ocrx_word' id='word_1_46' title='bbox 224 771 342 814; x_wconf 82' lang='lat' dir='ltr'>Quod</span> <span class='ocrx_word' id='word_1_47' title='bbox 374 775 510 812; x_wconf 91' lang='lat' dir='ltr'>autem</span> <span class='ocrx_word' id='word_1_48' title='bbox 541 772 623 812; x_wconf 90' lang='lat' dir='ltr'>iam</span> <span class='ocrx_word' id='word_1_49' title='bbox 653 773 835 814; x_wconf 85' lang='lat' dir='ltr'>Naevius</span> <span class='ocrx_word' id='word_1_50' title='bbox 864 774 963 814; x_wconf 91' lang='lat' dir='ltr'>belli</span> <span class='ocrx_word' id='word_1_51' title='bbox 990 774 1136 814; x_wconf 90' lang='lat' dir='ltr'>Punici</span> <span class='ocrx_word' id='word_1_52' title='bbox 1166 774 1238 813; x_wconf 85' lang='lat' dir='ltr'>lib.</span> <span class='ocrx_word' id='word_1_53' title='bbox 1270 774 1302 813; x_wconf 94' lang='lat' dir='ltr'>I.</span> <span class='ocrx_word' id='word_1_54' title='bbox 1332 773 1434 823; x_wconf 88' lang='lat' dir='ltr'>frag.</span> <span class='ocrx_word' id='word_1_55' title='bbox 1472 775 1522 811; x_wconf 91' lang='lat'>18</span> <span class='ocrx_word' id='word_1_56' title='bbox 1567 785 1606 812; x_wconf 88' lang='lat' dir='ltr'>v.</span> <span class='ocrx_word' id='word_1_57' title='bbox 1641 774 1694 811; x_wconf 86' lang='lat'>25</span> 
     </span>
     <span class='ocr_line' id='line_1_10' title="bbox 223 840 1696 894; baseline 0 -15"><span class='ocrx_word' id='word_1_58' title='bbox 223 841 288 892; x_wconf 89' lang='lat' dir='ltr'>(ed</span> <span class='ocrx_word' id='word_1_59' title='bbox 323 841 459 894; x_wconf 90' lang='lat' dir='ltr'>Vahl.)</span> <span class='ocrx_word' id='word_1_60' title='bbox 490 842 726 893; x_wconf 80' lang='lat' dir='ltr'>bicorpores</span> <span class='ocrx_word' id='word_1_61' title='bbox 756 842 922 883; x_wconf 83' lang='lat' dir='ltr'>Titanos</span> <span class='ocrx_word' id='word_1_62' title='bbox 952 846 1258 892; x_wconf 76' lang='lat' dir='ltr'>commemorat,</span> <span class='ocrx_word' id='word_1_63' title='bbox 1289 843 1384 882; x_wconf 86' lang='lat' dir='ltr'>inde</span> <span class='ocrx_word' id='word_1_64' title='bbox 1414 854 1504 881; x_wconf 90' lang='lat' dir='ltr'>mea</span> <span class='ocrx_word' id='word_1_65' title='bbox 1533 840 1696 893; x_wconf 87' lang='lat' dir='ltr'>quidem</span> 
     </span>
     <span class='ocr_line' id='line_1_11' title="bbox 221 910 1695 963; baseline -0.001 -14"><span class='ocrx_word' id='word_1_66' title='bbox 221 912 425 951; x_wconf 87' lang='lat' dir='ltr'>sententia</span> <span class='ocrx_word' id='word_1_67' title='bbox 465 911 573 950; x_wconf 89' lang='lat' dir='ltr'>nihil</span> <span class='ocrx_word' id='word_1_68' title='bbox 612 912 721 951; x_wconf 85' lang='lat' dir='ltr'>aliud</span> <span class='ocrx_word' id='word_1_69' title='bbox 766 912 972 963; x_wconf 79' lang='lat' dir='ltr'>colligitur</span> <span class='ocrx_word' id='word_1_70' title='bbox 1009 913 1087 953; x_wconf 91' lang='lat' dir='ltr'>nisi</span> <span class='ocrx_word' id='word_1_71' title='bbox 1134 916 1176 953; x_wconf 87' lang='lat' dir='ltr'>et</span> <span class='ocrx_word' id='word_1_72' title='bbox 1205 912 1395 952; x_wconf 89' lang='lat' dir='ltr'>Plautum</span> <span class='ocrx_word' id='word_1_73' title='bbox 1426 913 1467 951; x_wconf 92' lang='lat' dir='ltr'>et</span> <span class='ocrx_word' id='word_1_74' title='bbox 1495 910 1695 950; x_wconf 81' lang='lat' dir='ltr'>Naevium</span> 
     </span>
     <span class='ocr_line' id='line_1_12' title="bbox 223 978 1695 1035; baseline 0.001 -17"><span class='ocrx_word' id='word_1_75' title='bbox 223 978 421 1019; x_wconf 85' lang='lat' dir='ltr'>Graecum</span> <span class='ocrx_word' id='word_1_76' title='bbox 452 981 607 1021; x_wconf 85' lang='lat' dir='ltr'>fontem</span> <span class='ocrx_word' id='word_1_77' title='bbox 640 982 918 1032; x_wconf 78' lang='lat' dir='ltr'>usurpavisse,</span> <span class='ocrx_word' id='word_1_78' title='bbox 950 983 1059 1035; x_wconf 87' lang='lat' dir='ltr'>quod</span> <span class='ocrx_word' id='word_1_79' title='bbox 1089 982 1398 1022; x_wconf 74' lang='lat' dir='ltr'>admirationem</span> <span class='ocrx_word' id='word_1_80' title='bbox 1429 993 1591 1021; x_wconf 83' lang='lat' dir='ltr'>movere</span> <span class='ocrx_word' id='word_1_81' title='bbox 1622 979 1695 1026; x_wconf 85' lang='lat' dir='ltr'>mi-</span> 
     </span>
     <span class='ocr_line' id='line_1_13' title="bbox 221 1048 1694 1104; baseline 0 -17"><span class='ocrx_word' id='word_1_82' title='bbox 221 1049 332 1089; x_wconf 91' lang='lat' dir='ltr'>nime</span> <span class='ocrx_word' id='word_1_83' title='bbox 362 1054 520 1101; x_wconf 87' lang='lat' dir='ltr'>potest,</span> <span class='ocrx_word' id='word_1_84' title='bbox 567 1050 601 1090; x_wconf 93' lang='lat' dir='ltr'>si</span> <span class='ocrx_word' id='word_1_85' title='bbox 639 1050 802 1104; x_wconf 91' lang='lat' dir='ltr'>quidem</span> <span class='ocrx_word' id='word_1_86' title='bbox 834 1052 901 1091; x_wconf 91' lang='lat' dir='ltr'>hic</span> <span class='ocrx_word' id='word_1_87' title='bbox 932 1052 1181 1103; x_wconf 79' lang='lat' dir='ltr'>tragoedias,</span> <span class='ocrx_word' id='word_1_88' title='bbox 1212 1052 1283 1091; x_wconf 89' lang='lat' dir='ltr'>ille</span> <span class='ocrx_word' id='word_1_89' title='bbox 1313 1049 1541 1090; x_wconf 80' lang='lat' dir='ltr'>comoedias</span> <span class='ocrx_word' id='word_1_90' title='bbox 1570 1048 1694 1088; x_wconf 86' lang='lat' dir='ltr'>Grae-</span> 
     </span>
     <span class='ocr_line' id='line_1_14' title="bbox 222 1120 617 1161; baseline 0.005 -2"><span class='ocrx_word' id='word_1_91' title='bbox 222 1132 362 1159; x_wconf 92' lang='lat' dir='ltr'>corum</span> <span class='ocrx_word' id='word_1_92' title='bbox 393 1120 617 1161; x_wconf 81' lang='lat' dir='ltr'>transtulit.</span> 
     </span>
    </p>
   </div>
   <div class='ocr_carea' id='block_1_3' title="bbox 211 1329 1692 2780">
    <p class='ocr_par' dir='ltr' id='par_1_6' title="bbox 339 1329 1272 1384">
     <span class='ocr_line' id='line_1_15' title="bbox 339 1329 1272 1384; baseline 0.001 -16"><span class='ocrx_word' id='word_1_93' title='bbox 339 1330 389 1368; x_wconf 90' lang='lat' dir='ltr'>In</span> <span class='ocrx_word' id='word_1_94' title='bbox 419 1331 649 1370; x_wconf 89' lang='lat' dir='ltr'>Poenuli</span> <span class='ocrx_word' id='word_1_95' title='bbox 681 1344 741 1371; x_wconf 86' lang='lat' dir='ltr'>vs.</span> <span class='ocrx_word' id='word_1_96' title='bbox 776 1333 871 1369; x_wconf 84' lang='lat'>442.</span> <span class='ocrx_word' id='word_1_97' title='bbox 905 1344 974 1370; x_wconf 89' lang='lat' dir='ltr'>ero</span> <span class='ocrx_word' id='word_1_98' title='bbox 1007 1329 1272 1384; x_wconf 81' lang='lat' dir='ltr'>quaeritanti:</span> 
     </span>
    </p>

    <p class='ocr_par' dir='ltr' id='par_1_7' title="bbox 219 1399 1045 1520">
     <span class='ocr_line' id='line_1_16' title="bbox 434 1399 1045 1454; baseline 0.002 -15"><span class='ocrx_word' id='word_1_99' title='bbox 434 1400 580 1439; x_wconf 87' lang='lat' dir='ltr'>Credin</span> <span class='ocrx_word' id='word_1_100' title='bbox 614 1401 723 1454; x_wconf 91' lang='lat' dir='ltr'>quod</span> <span class='ocrx_word' id='word_1_101' title='bbox 754 1414 830 1451; x_wconf 89' lang='lat' dir='ltr'>ego</span> <span class='ocrx_word' id='word_1_102' title='bbox 860 1399 1045 1440; x_wconf 87' lang='lat' dir='ltr'>fabuler?</span> 
     </span>
     <span class='ocr_line' id='line_1_17' title="bbox 219 1470 633 1520; baseline 0.007 -13"><span class='ocrx_word' id='word_1_103' title='bbox 219 1482 361 1509; x_wconf 87' lang='lat' dir='ltr'>servus</span> <span class='ocrx_word' id='word_1_104' title='bbox 390 1470 633 1520; x_wconf 87' lang='lat' dir='ltr'>respondet:</span> 
     </span>
    </p>

    <p class='ocr_par' dir='ltr' id='par_1_8' title="bbox 430 1538 1435 1593">
     <span class='ocr_line' id='line_1_18' title="bbox 430 1538 1435 1593; baseline 0.001 -16"><span class='ocrx_word' id='word_1_105' title='bbox 430 1538 473 1578; x_wconf 87' lang='lat' dir='ltr'>Si</span> <span class='ocrx_word' id='word_1_106' title='bbox 503 1552 663 1593; x_wconf 90' lang='lat' dir='ltr'>nequeo</span> <span class='ocrx_word' id='word_1_107' title='bbox 692 1540 826 1579; x_wconf 87' lang='lat' dir='ltr'>facere</span> <span class='ocrx_word' id='word_1_108' title='bbox 855 1541 902 1579; x_wconf 90' lang='lat' dir='ltr'>ut</span> <span class='ocrx_word' id='word_1_109' title='bbox 932 1540 1063 1588; x_wconf 80' lang='lat' dir='ltr'>abeas,</span> <span class='ocrx_word' id='word_1_110' title='bbox 1095 1542 1256 1590; x_wconf 86' lang='lat' dir='ltr'>egomet</span> <span class='ocrx_word' id='word_1_111' title='bbox 1284 1538 1435 1578; x_wconf 85' lang='lat' dir='ltr'>abiero.</span> 
     </span>
    </p>

    <p class='ocr_par' dir='ltr' id='par_1_9' title="bbox 428 1609 1432 1663">
     <span class='ocr_line' id='line_1_19' title="bbox 428 1609 1432 1663; baseline -0.001 -15"><span class='ocrx_word' id='word_1_112' title='bbox 428 1610 533 1649; x_wconf 86' lang='lat' dir='ltr'>Nam</span> <span class='ocrx_word' id='word_1_113' title='bbox 563 1609 633 1650; x_wconf 92' lang='lat' dir='ltr'>isti</span> <span class='ocrx_word' id='word_1_114' title='bbox 665 1609 830 1663; x_wconf 90' lang='lat' dir='ltr'>quidem</span> <span class='ocrx_word' id='word_1_115' title='bbox 860 1609 998 1650; x_wconf 90' lang='lat' dir='ltr'>hercle</span> <span class='ocrx_word' id='word_1_116' title='bbox 1030 1609 1246 1649; x_wconf 88' lang='lat' dir='ltr'>orationist</span> <span class='ocrx_word' id='word_1_117' title='bbox 1277 1609 1432 1660; x_wconf 90' lang='lat' dir='ltr'>Oedipo</span> 
     </span>
    </p>

    <p class='ocr_par' dir='ltr' id='par_1_10' title="bbox 431 1677 1480 1732">
     <span class='ocr_line' id='line_1_20' title="bbox 431 1677 1480 1732; baseline -0.002 -14"><span class='ocrx_word' id='word_1_118' title='bbox 431 1679 545 1730; x_wconf 92' lang='lat' dir='ltr'>Opus</span> <span class='ocrx_word' id='word_1_119' title='bbox 575 1679 816 1728; x_wconf 88' lang='lat' dir='ltr'>coniectore,</span> <span class='ocrx_word' id='word_1_120' title='bbox 849 1679 918 1732; x_wconf 92' lang='lat' dir='ltr'>qui</span> <span class='ocrx_word' id='word_1_121' title='bbox 951 1678 1126 1730; x_wconf 85' lang='lat' dir='ltr'>Sphingi</span> <span class='ocrx_word' id='word_1_122' title='bbox 1156 1679 1360 1730; x_wconf 86' lang='lat' dir='ltr'>interpres</span> <span class='ocrx_word' id='word_1_123' title='bbox 1388 1677 1480 1717; x_wconf 89' lang='lat' dir='ltr'>fuit.</span> 
     </span>
    </p>

    <p class='ocr_par' dir='ltr' id='par_1_11' title="bbox 218 1746 1692 1939">
     <span class='ocr_line' id='line_1_21' title="bbox 334 1746 1691 1801; baseline -0.003 -12"><span class='ocrx_word' id='word_1_124' title='bbox 334 1750 390 1790; x_wconf 92' lang='lat' dir='ltr'>Et</span> <span class='ocrx_word' id='word_1_125' title='bbox 430 1748 554 1789; x_wconf 88' lang='lat' dir='ltr'>simili</span> <span class='ocrx_word' id='word_1_126' title='bbox 584 1750 703 1790; x_wconf 89' lang='lat' dir='ltr'>modo</span> <span class='ocrx_word' id='word_1_127' title='bbox 733 1749 892 1790; x_wconf 91' lang='lat' dir='ltr'>iocatur</span> <span class='ocrx_word' id='word_1_128' title='bbox 922 1749 1061 1790; x_wconf 88' lang='lat' dir='ltr'>Davus</span> <span class='ocrx_word' id='word_1_129' title='bbox 1101 1748 1370 1790; x_wconf 84' lang='lat' dir='ltr'>Terentianus</span> <span class='ocrx_word' id='word_1_130' title='bbox 1399 1747 1544 1801; x_wconf 81' lang='lat' dir='ltr'>(Andr.</span> <span class='ocrx_word' id='word_1_131' title='bbox 1581 1746 1691 1798; x_wconf 81' lang='lat'>194).</span> 
     </span>
     <span class='ocr_line' id='line_1_22' title="bbox 218 1817 1692 1869; baseline 0 -13"><span class='ocrx_word' id='word_1_132' title='bbox 218 1819 343 1859; x_wconf 89' lang='lat' dir='ltr'>Dav.:</span> <span class='ocrx_word' id='word_1_133' title='bbox 373 1833 457 1858; x_wconf 90' lang='lat' dir='ltr'>non</span> <span class='ocrx_word' id='word_1_134' title='bbox 487 1820 625 1859; x_wconf 87' lang='lat' dir='ltr'>hercle</span> <span class='ocrx_word' id='word_1_135' title='bbox 650 1819 856 1869; x_wconf 87' lang='lat' dir='ltr'>intellego.</span> <span class='ocrx_word' id='word_1_136' title='bbox 908 1819 964 1858; x_wconf 78' lang='lat' dir='ltr'>Si.</span> <span class='ocrx_word' id='word_1_137' title='bbox 996 1818 1106 1858; x_wconf 90' lang='lat' dir='ltr'>non?</span> <span class='ocrx_word' id='word_1_138' title='bbox 1137 1820 1243 1858; x_wconf 89' lang='lat' dir='ltr'>hem.</span> <span class='ocrx_word' id='word_1_139' title='bbox 1274 1819 1376 1859; x_wconf 87' lang='lat' dir='ltr'>Dav.</span> <span class='ocrx_word' id='word_1_140' title='bbox 1408 1818 1522 1856; x_wconf 85' lang='lat' dir='ltr'>Non:</span> <span class='ocrx_word' id='word_1_141' title='bbox 1554 1817 1692 1857; x_wconf 88' lang='lat' dir='ltr'>Davus</span> 
     </span>
     <span class='ocr_line' id='line_1_23' title="bbox 1036 1887 1481 1939; baseline -0.002 -12"><span class='ocrx_word' id='word_1_142' title='bbox 1036 1902 1144 1937; x_wconf 92' lang='lat' dir='ltr'>sum,</span> <span class='ocrx_word' id='word_1_143' title='bbox 1177 1901 1258 1927; x_wconf 90' lang='lat' dir='ltr'>non</span> <span class='ocrx_word' id='word_1_144' title='bbox 1291 1887 1481 1939; x_wconf 89' lang='lat' dir='ltr'>Oedipus.</span> 
     </span>
    </p>

    <p class='ocr_par' dir='ltr' id='par_1_12' title="bbox 211 1956 1690 2780">
     <span class='ocr_line' id='line_1_24' title="bbox 219 1956 1690 2012; baseline -0.003 -13"><span class='ocrx_word' id='word_1_145' title='bbox 219 1957 379 1999; x_wconf 78' lang='lat' dir='ltr'>Quibus</span> <span class='ocrx_word' id='word_1_146' title='bbox 419 1959 577 1998; x_wconf 91' lang='lat' dir='ltr'>duobus</span> <span class='ocrx_word' id='word_1_147' title='bbox 617 1958 740 2008; x_wconf 91' lang='lat' dir='ltr'>locis,</span> <span class='ocrx_word' id='word_1_148' title='bbox 786 1959 855 2012; x_wconf 89' lang='lat' dir='ltr'>qui</span> <span class='ocrx_word' id='word_1_149' title='bbox 898 1960 1078 2010; x_wconf 89' lang='lat' dir='ltr'>pendent</span> <span class='ocrx_word' id='word_1_150' title='bbox 1119 1971 1171 1997; x_wconf 83' lang='lat' dir='ltr'>ex</span> <span class='ocrx_word' id='word_1_151' title='bbox 1212 1957 1364 1998; x_wconf 86' lang='lat' dir='ltr'>Graeca</span> <span class='ocrx_word' id='word_1_152' title='bbox 1403 1956 1559 2006; x_wconf 77' lang='lat' dir='ltr'>fabula,</span> <span class='ocrx_word' id='word_1_153' title='bbox 1608 1956 1690 1995; x_wconf 90' lang='lat' dir='ltr'>col-</span> 
     </span>
     <span class='ocr_line' id='line_1_25' title="bbox 216 2025 1690 2082; baseline -0.001 -15"><span class='ocrx_word' id='word_1_154' title='bbox 216 2027 332 2078; x_wconf 86' lang='lat' dir='ltr'>latis,</span> <span class='ocrx_word' id='word_1_155' title='bbox 376 2028 496 2068; x_wconf 89' lang='lat' dir='ltr'>facile</span> <span class='ocrx_word' id='word_1_156' title='bbox 526 2030 588 2068; x_wconf 89' lang='lat' dir='ltr'>est</span> <span class='ocrx_word' id='word_1_157' title='bbox 616 2027 849 2078; x_wconf 90' lang='lat' dir='ltr'>intellectu,</span> <span class='ocrx_word' id='word_1_158' title='bbox 894 2028 993 2082; x_wconf 91' lang='lat' dir='ltr'>quid</span> <span class='ocrx_word' id='word_1_159' title='bbox 1033 2028 1078 2068; x_wconf 91' lang='lat' dir='ltr'>in</span> <span class='ocrx_word' id='word_1_160' title='bbox 1108 2027 1189 2068; x_wconf 90' lang='lat' dir='ltr'>illis</span> <span class='ocrx_word' id='word_1_161' title='bbox 1219 2028 1405 2069; x_wconf 88' lang='lat' dir='ltr'>versibus</span> <span class='ocrx_word' id='word_1_162' title='bbox 1434 2026 1580 2067; x_wconf 88' lang='lat' dir='ltr'>Plauto</span> <span class='ocrx_word' id='word_1_163' title='bbox 1610 2025 1690 2078; x_wconf 86' lang='lat' dir='ltr'>ipsi</span> 
     </span>
     <span class='ocr_line' id='line_1_26' title="bbox 215 2095 1689 2148; baseline -0.003 -9"><span class='ocrx_word' id='word_1_164' title='bbox 215 2099 475 2139; x_wconf 90' lang='lat' dir='ltr'>tribuendum</span> <span class='ocrx_word' id='word_1_165' title='bbox 524 2099 588 2138; x_wconf 91' lang='lat' dir='ltr'>sit.</span> <span class='ocrx_word' id='word_1_166' title='bbox 663 2099 910 2139; x_wconf 89' lang='lat' dir='ltr'>Hominibus</span> <span class='ocrx_word' id='word_1_167' title='bbox 966 2100 1192 2139; x_wconf 87' lang='lat' dir='ltr'>litterarum</span> <span class='ocrx_word' id='word_1_168' title='bbox 1239 2098 1481 2138; x_wconf 85' lang='lat' dir='ltr'>Graecarum</span> <span class='ocrx_word' id='word_1_169' title='bbox 1534 2095 1689 2148; x_wconf 87' lang='lat' dir='ltr'>peritis,</span> 
     </span>
     <span class='ocr_line' id='line_1_27' title="bbox 217 2167 1690 2222; baseline -0.001 -14"><span class='ocrx_word' id='word_1_170' title='bbox 217 2169 356 2222; x_wconf 87' lang='lat' dir='ltr'>quales</span> <span class='ocrx_word' id='word_1_171' title='bbox 387 2172 503 2208; x_wconf 88' lang='lat' dir='ltr'>erant</span> <span class='ocrx_word' id='word_1_172' title='bbox 533 2168 712 2208; x_wconf 86' lang='lat' dir='ltr'>Terentii</span> <span class='ocrx_word' id='word_1_173' title='bbox 744 2168 937 2218; x_wconf 87' lang='lat' dir='ltr'>lectores,</span> <span class='ocrx_word' id='word_1_174' title='bbox 977 2169 1075 2209; x_wconf 77' lang='lat' dir='ltr'>satis</span> <span class='ocrx_word' id='word_1_175' title='bbox 1104 2168 1269 2208; x_wconf 85' lang='lat' dir='ltr'>fecisset</span> <span class='ocrx_word' id='word_1_176' title='bbox 1296 2167 1465 2219; x_wconf 89' lang='lat' dir='ltr'>‘Oedipo</span> <span class='ocrx_word' id='word_1_177' title='bbox 1496 2180 1598 2218; x_wconf 89' lang='lat' dir='ltr'>opus</span> <span class='ocrx_word' id='word_1_178' title='bbox 1627 2168 1690 2206; x_wconf 89' lang='lat' dir='ltr'>est</span> 
     </span>
     <span class='ocr_line' id='line_1_28' title="bbox 216 2233 1688 2291; baseline -0.001 -13"><span class='ocrx_word' id='word_1_179' title='bbox 216 2236 467 2287; x_wconf 89' lang='lat' dir='ltr'>coniectore&#39;,</span> <span class='ocrx_word' id='word_1_180' title='bbox 508 2233 632 2291; x_wconf 89' lang='lat' dir='ltr'>atque</span> <span class='ocrx_word' id='word_1_181' title='bbox 673 2238 730 2278; x_wconf 91' lang='lat' dir='ltr'>sic</span> <span class='ocrx_word' id='word_1_182' title='bbox 772 2242 880 2279; x_wconf 89' lang='lat' dir='ltr'>certe</span> <span class='ocrx_word' id='word_1_183' title='bbox 921 2238 1118 2290; x_wconf 89' lang='lat' dir='ltr'>scriptum</span> <span class='ocrx_word' id='word_1_184' title='bbox 1150 2240 1236 2277; x_wconf 88' lang='lat' dir='ltr'>erat</span> <span class='ocrx_word' id='word_1_185' title='bbox 1276 2237 1320 2276; x_wconf 92' lang='lat' dir='ltr'>in</span> <span class='ocrx_word' id='word_1_186' title='bbox 1349 2237 1487 2277; x_wconf 85' lang='lat' dir='ltr'>fabula</span> <span class='ocrx_word' id='word_1_187' title='bbox 1518 2237 1688 2285; x_wconf 80' lang='lat' dir='ltr'>Graeca3</span> 
     </span>
     <span class='ocr_line' id='line_1_29' title="bbox 215 2306 1687 2358; baseline -0.001 -12"><span class='ocrx_word' id='word_1_188' title='bbox 215 2308 385 2347; x_wconf 86' lang='lat' dir='ltr'>Plautus</span> <span class='ocrx_word' id='word_1_189' title='bbox 416 2312 563 2357; x_wconf 87' lang='lat' dir='ltr'>autem,</span> <span class='ocrx_word' id='word_1_190' title='bbox 603 2312 648 2348; x_wconf 88' lang='lat' dir='ltr'>ut</span> <span class='ocrx_word' id='word_1_191' title='bbox 676 2309 836 2348; x_wconf 86' lang='lat' dir='ltr'>facilius</span> <span class='ocrx_word' id='word_1_192' title='bbox 866 2308 1185 2358; x_wconf 79' lang='lat' dir='ltr'>intellegeretur,</span> <span class='ocrx_word' id='word_1_193' title='bbox 1233 2306 1429 2348; x_wconf 89' lang='lat' dir='ltr'>nonnulla</span> <span class='ocrx_word' id='word_1_194' title='bbox 1458 2306 1687 2347; x_wconf 84' lang='lat' dir='ltr'>declarandi</span> 
     </span>
     <span class='ocr_line' id='line_1_30' title="bbox 215 2376 1688 2433; baseline -0.001 -16"><span class='ocrx_word' id='word_1_195' title='bbox 215 2390 335 2417; x_wconf 89' lang='lat' dir='ltr'>causa</span> <span class='ocrx_word' id='word_1_196' title='bbox 365 2376 565 2417; x_wconf 80' lang='lat' dir='ltr'>adiunxit.</span> <span class='ocrx_word' id='word_1_197' title='bbox 625 2378 733 2428; x_wconf 89' lang='lat' dir='ltr'>Ergo</span> <span class='ocrx_word' id='word_1_198' title='bbox 775 2378 884 2433; x_wconf 89' lang='lat' dir='ltr'>quod</span> <span class='ocrx_word' id='word_1_199' title='bbox 913 2378 993 2417; x_wconf 89' lang='lat' dir='ltr'>iam</span> <span class='ocrx_word' id='word_1_200' title='bbox 1033 2377 1077 2416; x_wconf 93' lang='lat' dir='ltr'>in</span> <span class='ocrx_word' id='word_1_201' title='bbox 1108 2377 1319 2417; x_wconf 85' lang='lat' dir='ltr'>Aulularia</span> <span class='ocrx_word' id='word_1_202' title='bbox 1348 2377 1567 2430; x_wconf 82' lang='lat' dir='ltr'>evicimus,</span> <span class='ocrx_word' id='word_1_203' title='bbox 1603 2390 1688 2417; x_wconf 88' lang='lat' dir='ltr'>am-</span> 
     </span>
     <span class='ocr_line' id='line_1_31' title="bbox 212 2447 1688 2500; baseline 0 -13"><span class='ocrx_word' id='word_1_204' title='bbox 212 2447 496 2499; x_wconf 84' lang='lat' dir='ltr'>plificationes,</span> <span class='ocrx_word' id='word_1_205' title='bbox 529 2460 633 2500; x_wconf 88' lang='lat' dir='ltr'>quae</span> <span class='ocrx_word' id='word_1_206' title='bbox 662 2448 843 2488; x_wconf 85' lang='lat' dir='ltr'>adiectae</span> <span class='ocrx_word' id='word_1_207' title='bbox 874 2451 970 2488; x_wconf 89' lang='lat' dir='ltr'>sunt</span> <span class='ocrx_word' id='word_1_208' title='bbox 999 2451 1046 2487; x_wconf 91' lang='lat' dir='ltr'>ut</span> <span class='ocrx_word' id='word_1_209' title='bbox 1074 2460 1140 2487; x_wconf 91' lang='lat' dir='ltr'>res</span> <span class='ocrx_word' id='word_1_210' title='bbox 1169 2450 1497 2498; x_wconf 86' lang='lat' dir='ltr'>cognosceretur,</span> <span class='ocrx_word' id='word_1_211' title='bbox 1528 2459 1688 2500; x_wconf 87' lang='lat' dir='ltr'>semper</span> 
     </span>
     <span class='ocr_line' id='line_1_32' title="bbox 211 2516 1685 2568; baseline -0.001 -12"><span class='ocrx_word' id='word_1_212' title='bbox 211 2517 399 2557; x_wconf 87' lang='lat' dir='ltr'>redolent</span> <span class='ocrx_word' id='word_1_213' title='bbox 428 2516 633 2556; x_wconf 88' lang='lat' dir='ltr'>officinam</span> <span class='ocrx_word' id='word_1_214' title='bbox 665 2516 914 2566; x_wconf 88' lang='lat' dir='ltr'>Plautinam,</span> <span class='ocrx_word' id='word_1_215' title='bbox 959 2531 1050 2557; x_wconf 91' lang='lat' dir='ltr'>cum</span> <span class='ocrx_word' id='word_1_216' title='bbox 1089 2530 1153 2557; x_wconf 88' lang='lat' dir='ltr'>res</span> <span class='ocrx_word' id='word_1_217' title='bbox 1192 2517 1282 2568; x_wconf 89' lang='lat' dir='ltr'>ipsa</span> <span class='ocrx_word' id='word_1_218' title='bbox 1311 2516 1523 2557; x_wconf 86' lang='lat' dir='ltr'>referenda</span> <span class='ocrx_word' id='word_1_219' title='bbox 1552 2517 1607 2556; x_wconf 92' lang='lat' dir='ltr'>sit</span> <span class='ocrx_word' id='word_1_220' title='bbox 1635 2517 1685 2555; x_wconf 91' lang='lat' dir='ltr'>ad</span> 
     </span>
     <span class='ocr_line' id='line_1_33' title="bbox 213 2586 1685 2640; baseline 0 -12"><span class='ocrx_word' id='word_1_221' title='bbox 213 2587 411 2628; x_wconf 86' lang='lat' dir='ltr'>Graecum</span> <span class='ocrx_word' id='word_1_222' title='bbox 453 2586 675 2639; x_wconf 88' lang='lat' dir='ltr'>exemplar.</span> <span class='ocrx_word' id='word_1_223' title='bbox 738 2589 873 2640; x_wconf 86' lang='lat' dir='ltr'>Atque</span> <span class='ocrx_word' id='word_1_224' title='bbox 914 2587 959 2626; x_wconf 88' lang='lat' dir='ltr'>in</span> <span class='ocrx_word' id='word_1_225' title='bbox 1005 2587 1129 2627; x_wconf 87' lang='lat' dir='ltr'>attica</span> <span class='ocrx_word' id='word_1_226' title='bbox 1174 2587 1381 2628; x_wconf 90' lang='lat' dir='ltr'>comoedia</span> <span class='ocrx_word' id='word_1_227' title='bbox 1421 2587 1527 2627; x_wconf 90' lang='lat' dir='ltr'>idem</span> <span class='ocrx_word' id='word_1_228' title='bbox 1572 2586 1685 2628; x_wconf 90' lang='lat' dir='ltr'>iocus</span> 
     </span>
     <span class='ocr_line' id='line_1_34' title="bbox 211 2655 1685 2707; baseline 0 -11"><span class='ocrx_word' id='word_1_229' title='bbox 211 2658 432 2697; x_wconf 85' lang='lat' dir='ltr'>translatus</span> <span class='ocrx_word' id='word_1_230' title='bbox 461 2658 511 2696; x_wconf 89' lang='lat' dir='ltr'>ad</span> <span class='ocrx_word' id='word_1_231' title='bbox 544 2656 793 2696; x_wconf 87' lang='lat' dir='ltr'>meretricias</span> <span class='ocrx_word' id='word_1_232' title='bbox 823 2660 929 2696; x_wconf 89' lang='lat' dir='ltr'>artes</span> <span class='ocrx_word' id='word_1_233' title='bbox 960 2657 1010 2696; x_wconf 88' lang='lat' dir='ltr'>ab</span> <span class='ocrx_word' id='word_1_234' title='bbox 1043 2657 1221 2697; x_wconf 84' lang='lat' dir='ltr'>Anaxila</span> <span class='ocrx_word' id='word_1_235' title='bbox 1249 2657 1293 2696; x_wconf 91' lang='lat' dir='ltr'>in</span> <span class='ocrx_word' id='word_1_236' title='bbox 1327 2655 1548 2703; x_wconf 77' lang='grc' dir='ltr'><strong><em>Νεοττίδος</em></strong></span> <span class='ocrx_word' id='word_1_237' title='bbox 1576 2656 1685 2707; x_wconf 85' lang='lat' dir='ltr'>frag-</span> 
     </span>
     <span class='ocr_line' id='line_1_35' title="bbox 212 2726 1052 2780; baseline 0.001 -13"><span class='ocrx_word' id='word_1_238' title='bbox 212 2731 349 2768; x_wconf 87' lang='lat' dir='ltr'>mento</span> <span class='ocrx_word' id='word_1_239' title='bbox 380 2732 443 2768; x_wconf 89' lang='lat' dir='ltr'>est</span> <span class='ocrx_word' id='word_1_240' title='bbox 473 2727 694 2780; x_wconf 86' lang='lat' dir='ltr'>(Meineck.</span> <span class='ocrx_word' id='word_1_241' title='bbox 726 2727 809 2767; x_wconf 89' lang='lat'>111.</span> <span class='ocrx_word' id='word_1_242' title='bbox 839 2740 879 2778; x_wconf 89' lang='lat' dir='ltr'>p.</span> <span class='ocrx_word' id='word_1_243' title='bbox 914 2726 1052 2779; x_wconf 87' lang='lat'>348.):</span> 
     </span>
    </p>
   </div>
   <div class='ocr_carea' id='block_1_4' title="bbox 0 3201 1880 3245">
    <p class='ocr_par' dir='ltr' id='par_1_13' title="bbox 0 3201 1880 3245">
     <span class='ocr_line' id='line_1_36' title="bbox 0 3201 1880 3245; baseline 0 0"><span class='ocrx_word' id='word_1_244' title='bbox 0 3201 1880 3245; x_wconf 95' lang='lat' dir='ltr'> </span> 
     </span>
    </p>
   </div>
  </div>
 </body>
</html>
