1880 3245
806 185 1069 228 ..3-

784 291 950 330 obsecro
981 303 1055 330 vos
1085 303 1174 340 ege,
1205 291 1259 329 mi
1292 290 1460 339 auxilio,

207 375 277 402 oro
300 362 492 410 obtestor,
526 359 615 400 sitis
637 359 903 399 ethominem
935 359 1220 399 demonstretis
1244 359 1314 413 qui
1338 372 1426 398 eam
1446 358 1674 399 abstulerit.

207 432 304 485 quid
333 430 421 489 est:>
457 430 555 486 quid
582 427 750 468 ridetis?
791 429 886 469 novi
918 442 1077 468 omnes:
1111 429 1193 468 scio
1219 429 1330 468 fures
1357 442 1443 469 esse
1471 428 1538 468 hic
1568 442 1675 469 com-

1326 497 1465 550 plures

206 570 277 624 qui
307 570 460 610 vestitu
503 573 573 609 et
586 572 696 609 creta
726 568 931 608 occultant
962 580 1050 608 sese
1090 572 1213 622 atque
1245 569 1389 608 sedent
1430 568 1546 622 quasi
1593 568 1677 608 sint

1277 638 1386 688 frugi
1404 637 1464 690 ¹)·

204 709 282 748 hoc
309 711 527 759 propterea
555 707 733 758 pendere
762 706 925 746 videtur
955 720 978 746 e
1010 706 1162 746 Graeca
1188 706 1346 755 fabula,
1389 708 1497 760 quod
1538 707 1581 746 in
1614 719 1672 755 ea,

205 777 239 816 si
270 776 433 829 quidem
474 776 573 816 fides
614 775 830 815 tribuenda
870 779 933 815 est
961 775 1252 826 Aristophani,
1293 779 1541 827 spectatores
1581 776 1673 827 plus

205 859 325 900 quam
357 846 481 886 semel
512 844 833 897 appellabantur.
900 845 1117 886 Praeterea
1149 849 1284 885 autem
1326 858 1411 885 non
1441 845 1674 896 ignoramus

204 914 338 955 Plauti
380 918 514 955 aetate
543 914 699 954 nullum
730 914 935 954 hominem
967 915 1174 954 sedentem
1205 914 1446 966 spectaculis
1475 915 1674 961 adfuissem

203 998 299 1036 ergo
329 986 429 1025 haec
458 998 523 1025 res
558 988 628 1025 aut
656 983 904 1036 interpolata
933 988 1005 1024 aut
1035 997 1058 1023 a
1089 984 1235 1024 Plauto
1266 998 1319 1024 ex
1349 985 1516 1028 Graeco,
1535 997 1674 1024 exem-

202 1055 305 1106 plari
350 1055 546 1095 translata
574 1067 707 1107 neque
745 1054 828 1093 ullo
869 1055 988 1093 modo
1027 1057 1181 1094 mutata
1211 1058 1285 1094 est.
1348 1054 1477 1114 Quam
1510 1059 1673 1094 senten-

203 1125 300 1164 tiam
328 1124 477 1163 habere
508 1124 551 1162 in
583 1136 625 1162 se
655 1122 810 1176 aliquid
831 1124 931 1175 veri,
962 1136 1068 1162 unus
1099 1123 1272 1177 quisque
1303 1108 1498 1164 concedet
1528 1124 1598 1177 qui
1629 1124 1672 1162 in

202 1193 436 1233 memoriam
468 1192 724 1236 revocaverit
752 1192 927 1233 Athenis
958 1195 1205 1243 spectatores
1247 1193 1387 1233 sedere
1425 1197 1550 1246 atque
1582 1193 1673 1234 Ari-

203 1263 441 1314 stophanem
472 1275 659 1302 ranarum
691 1261 852 1301 fabulae
881 1274 1004 1302 versu
1035 1261 1142 1301 297:

292 1323 439 1383 ᾗρεῦ,
471 1326 727 1381 διαφύλαξόν
754 1328 808 1381 μ’,
839 1327 891 1370 ἵν’
924 1345 956 1370 ω
978 1341 1045 1370 σοι
1063 1328 1285 1382 ξυμπότης,
1316 1332 1517 1384 respicere
1540 1346 1671 1374 sacer-

203 1402 336 1441 dotem
368 1401 558 1454 Dionysi,
602 1400 670 1455 qui
711 1400 755 1439 in
785 1400 915 1452 primo
945 1401 1072 1451 gradu
1102 1401 1251 1440 theatri
1282 1401 1414 1441 locum
1447 1403 1669 1453 obtinebat,

203 1484 324 1525 quam
353 1471 552 1512 rationem
584 1474 744 1522 poetam
775 1469 890 1509 illum
921 1483 1001 1509 non
1034 1470 1159 1510 semel
1188 1485 1402 1523 usurpasse
1433 1485 1486 1512 ex
1519 1473 1669 1513 fabulis

202 1542 369 1592 colligas
398 1540 535 1581 velim.
595 1540 753 1579 Deinde
785 1553 874 1579 cum
897 1544 1089 1592 quantam
1110 1540 1425 1582 familiaritatem
1456 1542 1564 1582 inter
1592 1544 1669 1582 hos

203 1611 303 1650 duos
323 1610 433 1650 locos
456 1609 590 1649 Plauti
623 1613 666 1649 et
687 1608 973 1660 Aristophanis
1003 1621 1092 1648 esse
1113 1610 1252 1664 negari
1284 1624 1366 1649 non
1397 1613 1538 1664 possit,
1568 1612 1667 1652 illud

202 1680 436 1720 Plautinum
479 1679 733 1718 referendum
774 1682 836 1718 est
877 1679 928 1717 ad
960 1679 1150 1718 Graecam
1194 1680 1404 1730 originem.
1467 1681 1668 1724 Quoniam

198 1753 331 1789 autem
356 1749 523 1788 Plautus
543 1748 676 1801 ipsum
701 1748 1014 1799 Aristophanem
1036 1762 1117 1787 non
1139 1753 1300 1799 praesto
1322 1750 1477 1801 habuit,
1510 1753 1579 1791 sed
1610 1753 1669 1791 fa-

199 1818 316 1858 bulas
356 1828 485 1859 novae
516 1804 769 1867 comoediae,
809 1816 881 1856 illa
918 1820 1189 1869 spectatorum
1230 1817 1382 1859 mentio
1424 1821 1575 1871 pendet
1616 1834 1668 1861 ex

199 1888 265 1928 his
289 1888 450 1936 fabulis,
486 1900 590 1941 quae
610 1886 732 1926 talem
763 1887 922 1927 iocandi
954 1888 1153 1927 rationem
1182 1889 1234 1928 ab
1256 1889 1530 1941 Aristophane
1562 1892 1666 1931 didi-

200 1962 355 1999 cerunt.
415 1959 561 2012 Itaque
590 1958 671 1997 iam
702 1970 754 1997 ex
785 1958 860 1997 hac
891 1971 934 1997 re
955 1961 1125 2010 apparet
1153 1959 1194 1997 id
1221 1960 1329 2012 quod
1357 1959 1418 1999 illi
1449 1961 1528 2001 viri
1556 1962 1663 2002 docti

199 2028 586 2081 pronuntiaverunt,
630 2042 711 2067 non
754 2030 910 2068 tantum
944 2028 1093 2068 habere
1124 2029 1429 2070 fundamentum
1471 2036 1667 2084 quantum

200 2097 324 2138 deleri
356 2102 398 2138 et
428 2098 533 2137 dirui
564 2111 647 2137 non
678 2091 830 2149 possit,
875 2110 968 2137 nam
1000 2098 1033 2137 si
1066 2097 1236 2138 Plautus
1265 2112 1309 2138 re
1340 2112 1438 2140 vera
1469 2105 1666 2141 mutasset

198 2168 240 2207 id
272 2169 380 2221 quod
413 2181 494 2207 non
526 2168 763 2220 quadrasset
802 2167 852 2206 ad
893 2179 958 2207 res
988 2168 1210 2216 Romanas,
1255 2172 1363 2208 certe
1403 2170 1478 2209 hos
1521 2183 1666 2211 versus

199 2249 281 2277 non
313 2237 550 2288 scripsisset.

320 2306 489 2347 Accedit
519 2307 626 2359 quod
650 2320 730 2346 non
753 2307 898 2345 desunt
917 2307 1126 2346 versiones
1147 2305 1361 2347 Plautinae
1393 2321 1494 2361 quas
1525 2310 1663 2349 stricte

199 2378 413 2418 cohaerere
444 2376 534 2416 luce
565 2376 712 2417 clarius
743 2381 806 2417 est
835 2389 924 2416 cum
955 2376 1193 2428 fragmentis
1224 2377 1468 2417 comicorum
1491 2378 1664 2419 Graeco—

180 2455 286 2496 vrum
308 2447 425 2487 nobis
446 2446 627 2496 servatis,
661 2460 834 2501 quorum
855 2446 1053 2486 nonnulla
1073 2446 1248 2497 exempli
1281 2447 1411 2497 gratia
1432 2449 1664 2489 exscribere

196 2517 340 2557 liceat:

295 2620 327 2665 1)
352 2622 393 2653 cf.
418 2624 594 2662 praeterea
617 2620 690 2651 Mil.
708 2620 793 2660 glor.
810 2621 852 2652 81
874 2629 963 2660 eqs.:

523 2678 590 2721 Qui
614 2682 726 2712 autem
749 2679 941 2711 auscultare
966 2679 1066 2717 nolet,
1092 2681 1250 2719 exsurgat
1274 2677 1377 2719 foras,

524 2738 570 2769 Ut
593 2738 647 2778 sit,
672 2738 729 2769 ubi
755 2738 870 2770 sedeat
893 2737 953 2793 iui-
967 2738 1025 2777 qui
1049 2727 1237 2769 auscultare
1262 2738 1346 2769 volt.

610 2800 613 2803 .
1322 2799 1339 2835 1
1358 2795 1385 2820 t·
