1880 3245
806 153 985 197 -14
1041 175 1115 186 -—⁷

214 271 288 298 nes
318 257 513 310 paulatim
545 259 760 299 assuefacti
792 261 906 309 sunt,
948 272 1068 313 quam
1089 260 1273 300 -Romani
1305 258 1427 301 etiam
1456 260 1688 312 adsumpse-

213 332 311 367 runt
340 329 636 378 posterioribus
665 328 928 379 temporibus,
943 351 947 353 ‡
962 330 1026 368 eui
1056 330 1117 369 rei
1146 330 1265 369 testis
1295 320 1596 370 estfHoratius.

333 400 470 451 Atque
502 398 622 437 huius
652 398 762 448 regis
792 398 944 438 mentio
974 398 1156 448 inventa,
1187 399 1231 438 in
1252 398 1410 450 eaptiv.
1431 394 1515 439 fab.
1545 413 1585 440 v.
1608 402 1689 438 90:

354 468 459 507 Nam
480 471 694 521 postquam
725 481 839 507 meus
869 481 945 508 rex
968 472 1039 508 -est
1067 468 1223 520 potitus
1254 456 1431 508 hostium
1462 479 1548 522 eqs.

214 542 256 578 et
285 538 330 577 in
359 537 487 577 Stich.
517 551 557 577 v.
590 540 695 576 455:
725 541 808 577 tam
840 537 1000 577 confido
1031 550 1152 590 quam
1183 538 1292 589 potis

217 609 284 645 Me
316 619 448 645 meum
481 610 786 657 optentaturum
816 619 953 664 regem
983 607 1176 646 rediculis
1206 607 1348 647 modis.

216 682 258 716 et
289 677 402 716 Asin.
428 680 540 716 918:
570 665 664 716 nam
695 677 738 715 ni
770 677 943 728 impetro

301 759 438 797 regem
468 746 647 797 perdidi:
678 759 732 786 ex
762 759 898 786 amore
929 750 1129 787 tantumst
1158 747 1313 786 homini
1344 747 1589 796 incendium,

216 822 257 855 et
287 817 331 855 in
361 804 525 856 Terent.
555 816 719 855 Phorm.
752 816 807 855 ΙΙ.
842 819 880 855 2.
913 820 992 855 24':

304 886 393 924 Imo
426 886 535 923 enim
565 898 684 924 nemo
715 884 813 924 satis
843 897 918 935 pro
949 885 1094 924 merito
1125 884 1296 935 gratiam
1325 885 1411 936 regi
1443 885 1580 934 refert,

217 959 326 995 certe
357 968 411 992 ex
441 954 605 993 Graecis
635 953 785 993 fabulis
814 955 977 1004 pendet,
1007 955 1051 992 in
1083 955 1231 1007 quibus
1261 955 1422 1005 patroni
1453 968 1544 994 cum
1575 963 1692 1006 para-

218 1025 307 1064 sitis
346 1024 565 1063 introducti
610 1028 717 1063 sunt.
792 1022 927 1067 Quid?
972 1025 1080 1077 quod
1123 1028 1193 1064 aut
1235 1024 1354 1064 valde
1399 1037 1490 1064 erro
1536 1029 1607 1064 aut
1647 1025 1689 1070 in

216 1093 468 1144 Antiphanis
516 1087 718 1142 Διδύμοις
757 1092 897 1131 fabula
938 1092 1092 1133 mentio
1138 1096 1272 1134 exstat
1325 1094 1433 1144 regis
1485 1094 1690 1170 cuiusdam

215 1163 395 1214 parasiti.
448 1163 560 1202 Nam
591 1163 697 1241 apud
730 1162 856 1201 Mein.
887 1162 969 1201 111.
1003 1166 1058 1201 45
1073 1163 1286 1213 legimus:
1698 1151 1707 1157 ’

435 1227 491 1270 To
522 1226 721 1284 ποτήριόν
751 1245 820 1281 μοι
850 1245 896 1270 το
928 1229 1029 1285 μέγα
1058 1229 1277 1284 προςφὲρει
1308 1228 1458 1287 λαβών..

432 1330 671 1341 ........
704 1299 773 1338 καὶ
803 1302 983 1339 θεαινῶν
1013 1301 1211 1352 μυρίους·

426 1365 548 1409 ἔπειτ’
581 1368 648 1409 ἐπὶ
678 1364 842 1416 τούτοις
871 1371 972 1409 πᾶσι
1002 1370 1073 1421 τῆς
1103 1370 1251 1421 σεμνῆς
1281 1370 1400 1419 θεᾶς,

429 1440 500 1479 καὶ
537 1440 611 1479 τοῦ
641 1436 893 1492 γλυκυτάτου
923 1438 1118 1490 βασιλέως
1148 1438 1364 1492 διμοιρίαν.

324 1504 515 1550 'Primum
547 1510 711 1564 quidem
740 1509 786 1548 in
815 1511 891 1549 hac
919 1510 1057 1549 fabula
1086 1500 1306 1561 parasitum
1332 1510 1464 1550 'fuisse
1493 1511 1590 1550 inde
1620 1524 1690 1561 ap-

218 1586 351 1633 paret,
396 1581 505 1633 quod
538 1581 686 1618 Athen.
721 1580 791 1618 VI.
823 1592 861 1630 p.
896 1580 977 1618 237
1023 1581 1072 1618 de
1114 1580 1304 1630 parasitis
1349 1580 1502 1632 aliquid
1533 1580 1690 1631 profert

222 1665 276 1690 ex
306 1652 382 1689 hac
411 1649 550 1688 fabula
580 1645 802 1700 sumptum}
834 1653 919 1687 tum
951 1649 1050 1688 haec
1080 1649 1206 1688 verba
1235 1649 1279 1687 in
1311 1662 1380 1688 ore
1410 1649 1577 1700 parasiti
1605 1662 1689 1688 non

220 1720 362 1770 inepta
402 1719 613 1765 videntur3
663 1718 902 1769 perstringit
954 1720 1088 1756 autem
1126 1721 1247 1768 poeta
1287 1719 1364 1757 hoc
1402 1718 1491 1757 loco
1532 1719 1687 1758 foedam

223 1789 475 1843 quorundam
520 1787 817 1835 adulationem,
859 1787 929 1839 qui
971 1787 1152 1836 singulos
1195 1788 1362 1838 cyathos
1403 1787 1573 1837 singulis
1615 1781 1714 1827 diis'

220 1860 397 1898 libantes
440 1857 484 1896 in
529 1856 751 1905 conviviis,
793 1856 837 1895 in
868 1857 1064 1896 honorem
1095 1856 1205 1906 regis
1234 1857 1333 1896 duos
1365 1857 1532 1909 cyathos
1561 1857 1692 1896 effun-

222 1929 384 1975 derent;
431 1939 551 1979 quem
595 1939 728 1976 regem
774 1926 850 1965 hoc
894 1925 982 1965 loco
1026 1925 1299 1981 Alexandrum
1343 1939 1431 1966 esse
1472 1926 1576 1965 nihil
1617 1929 1690 1974 est,

223 1997 330 2050 quod
361 1996 480 2035 nobis
501 1996 763 2046 persuadeat;
794 1996 946 2043 eodem,
977 1995 1150 2035 fortasse
1179 1995 1330 2034 maiore
1359 1995 1449 2035 iure
1479 1996 1546 2035 hic
1580 1995 1693 2034 locus

222 2066 461 2106 referendus
492 2068 554 2105 est
584 2065 633 2104 ad
664 2064 884 2116 parasitum
916 2067 1131 2115 patronum
1163 2064 1394 2105 adulantem
1412 2064 1463 2117 ¹).
1701 2067 1703 2069 ’

278 2123 284 2127 ‚
337 2138 387 2174 In
416 2147 538 2176 versu
569 2138 652 2173 935
685 2134 881 2184 legimus:

281 2207 411 2244 Immo
433 2205 584 2244 Nestor
614 2218 724 2244 nunc
745 2204 950 2258 quidemst
980 2205 1029 2243 de
1050 2203 1197 2252 verbis,
1230 2216 1327 2255 prae
1357 2207 1404 2244 ut
1424 2204 1573 2243 dudum
1603 2203 1693 2244 fuit.

339 2275 406 2313 Sic
436 2274 542 2311 enim
573 2275 650 2313 hoc
681 2274 769 2313 loco
802 2274 1059 2313 scribendum
1091 2276 1153 2312 est
1172 2273 1389 2324 Spengelio
1421 2275 1541 2322 duce3
1572 2277 1694 2327 atque
1720 2299 1723 2302 -

221 2345 372 2384 Nestor
413 2347 459 2382 ut
503 2346 589 2382 erat
627 2343 789 2393 sapiens
827 2343 1051 2394 opponitur
1079 2342 1222 2382 insano
1255 2343 1539 2392 Menaechmo,
1586 2343 1694 2396 quod

221 2415 308 2453 fieri
340 2425 460 2464 posse
490 2415 612 2462 negat
642 2412 805 2452 Brixius
834 2412 878 2451 in
909 2411 1172 2451 adnotatione
1201 2413 1250 2451 ad
1273 2413 1382 2452 hunc
1412 2413 1567 2453 locum:
1598 2416 1697 2453 statt

221 2484 364 2523 melior
393 2483 529 2522 haben
569 2482 635 2521 die
666 2482 987 2522 Handschriften
1017 2471 1175 2532 nestor,
1204 2482 1336 2524 worin
1366 2495 1457 2522 man
1490 2496 1590 2553 geru
1622 2482 1697 2523 mit

317 2575 352 2618 1)
377 2574 591 2615 Quamquam
624 2574 714 2605 hanc
748 2574 951 2606 sententiam
986 2583 1056 2605 non
1080 2583 1142 2614 pro
1168 2583 1249 2606 vero
1275 2575 1455 2607 venditare
1479 2576 1583 2614 volo,
1618 2585 1695 2606 cum
1765 2566 1768 2570 ¹

220 2635 305 2666 mihi
328 2633 431 2664 modo
467 2633 504 2663 in
528 2636 676 2664 mentem
701 2632 835 2663 venerit
858 2635 960 2671 atque
984 2641 1040 2662 me
1063 2641 1131 2663 non
1156 2632 1291 2673 fugiat,
1330 2633 1432 2664 etiam
1456 2633 1584 2665 Romae
1607 2633 1699 2672 regis

221 2691 486 2742 appellationem
521 2693 719 2731 usurpatam
743 2689 872 2729 videri,
910 2680 989 2721 nam
1014 2690 1110 2731 pueri
1146 2693 1308 2723 cantant.
1345 2701 1406 2724 rex
1438 2691 1515 2731 eris,
1552 2691 1582 2724 si
1603 2694 1697 2723 recte

222 2740 336 2782 facies.
365 2749 409 2781 cf.
434 2750 554 2780 Horat.
583 2748 681 2790 epist.
708 2748 735 2779 1.
765 2750 795 2788 1,
821 2748 878 2782 59.
