1880 3245
806 166 1098 212 -38-

429 268 605 327 γόγγρον
635 269 708 325 μὲν
739 268 875 327 ὥσπερ
908 266 932 313 ὅ
966 271 1156 327 Πρίαμος
1186 267 1257 314 τόν
1274 269 1457 329 Ἕκτορα

427 337 529 382 ὅσον
559 339 757 391 εἵλκυσεν,
788 342 960 382 τοσοῦτο
991 344 1187 390 maeste
1217 337 1434 396 ἐπριάμην.

336 412 428 456 Quo
459 411 505 451 in
534 411 626 452 loco
658 409 850 457 suavem
873 412 980 453 sicut
1009 413 1117 466 apud
1137 412 1310 453 latinum
1331 416 1501 464 poetam>
1525 417 1690 466 ‘expen-

216 495 285 521 sus
314 479 407 521 fuit'
453 481 624 522 eandem
661 494 748 521 rem
778 481 971 535 respicit,
1018 494 1123 535 quae
1158 482 1203 522 in
1246 482 1442 536 Aeschyli
1480 483 1692 534 tragoedia

220 548 354 603 Φρυξὶ
384 545 414 602 ἢ
439 546 644 604 ’Έκτορος
670 548 834 604 λύτροις
874 555 1050 592 tractata
1087 552 1179 592 fuit.
1239 553 1345 592 Nam
1388 552 1610 593 scholiasta
1638 553 1691 592 ad

215 620 335 661 Iliad.
369 621 429 671 K,
471 623 570 670 351,
601 621 681 661 hoc
709 622 892 674 profert:
937 614 965 672 ἦ
997 615 1231 673 &wlff-31⁸
1262 615 1543 674 ὑπερβολικῶς
1572 618 1686 674 λέγει·

215 684 240 729 ὅ
267 687 311 730 δὲ
331 688 535 742 Αἴοχυλος
566 684 627 730 ἐπ’
647 684 843 741 ἀληθείας
865 685 1171 741 ἀνθιστάμενον
1192 686 1342 743 χρυσόν
1364 689 1561 741 πεποίηκε
1586 685 1691 744 πρὸς

215 754 260 798 τό
279 753 482 812 ’Έκτορος
512 759 629 810 σῶμα
662 757 706 800 ἐν
739 758 883 813 Φρυξί.
944 763 1160 812 praeterea
1188 760 1270 801 hoc
1288 759 1503 802 invenitur
1521 760 1566 801 in
1588 773 1690 801 non-

216 829 341 869 nullis
371 829 484 870 vasis
513 828 638 881 pictis
669 831 721 870 cf.
754 830 979 871 Overbeck.
1010 830 1039 871 1.
1069 830 1096 870 l.
1127 830 1210 870 tab.
1241 829 1340 870 XX.
1620 827 1624 831 ’

334 899 469 940 Versu
490 899 668 953 denique
692 903 774 940 945
801 899 1004 940 Charinus
1033 901 1175 939 narrat
1204 897 1347 948 amico,
1379 912 1470 939 cum
1489 899 1691 952 Zacynthi

216 969 325 1022 apud
345 968 553 1020 hospitem
573 968 731 1018 fuisset,
761 968 879 1009 illum
898 968 982 1008 iam
1000 968 1346 1021 pronuntiavisse,
1378 970 1549 1008 amicam
1577 981 1691 1008 suam

216 1038 391 1078 Athenis
422 1038 599 1090 degere;
631 1038 699 1079 cui
728 1038 951 1091 respondet
971 1038 1209 1090 Eutychus:

587 1108 762 1149 Colchus
794 1108 959 1163 quidem
978 1107 1247 1160 Zacynthiust
1262 1107 1312 1159 ¹).

331 1177 360 1219 i.
391 1191 425 1217 e.
469 1191 561 1218 cum
598 1177 670 1218 ille
709 1179 863 1230 hospes
893 1191 1037 1219 verum
1067 1176 1419 1229 pronuntiaverit,
1462 1189 1584 1217 verus
1623 1180 1687 1216 est

216 1250 344 1295 vates,
376 1246 484 1287 sicut
513 1247 697 1298 Calchas,
730 1262 851 1302 quem
880 1251 1017 1289 vatem
1048 1247 1297 1287 Graecorum
1326 1246 1454 1286 fuisse
1485 1246 1584 1287 satis
1614 1260 1688 1286 no-

215 1319 305 1355 tum
335 1329 389 1355 ex
407 1316 541 1356 Iliade
562 1320 647 1365 est;
677 1321 891 1370 praeterea
912 1320 1051 1357 autem
1081 1317 1160 1356 hoc
1188 1316 1506 1368 proverbialiter
1534 1316 1690 1355 dictum

217 1389 300 1435 est,
345 1389 391 1425 nt
430 1385 534 1425 illud
572 1386 922 1438 Aristophanem
963 1380 1190 1438 ἅνθρωπος
1238 1384 1383 1436 Θαλῆς.
1457 1384 1691 1426 Calchantis

216 1455 372 1495 mentio
403 1455 447 1495 in
476 1456 718 1505 fragmentis
751 1455 985 1496 comoediae
1017 1468 1148 1497 novae
1180 1466 1276 1494 casu
1306 1469 1389 1494 non
1421 1458 1576 1505 exstat,
1619 1455 1690 1494 sed

214 1524 397 1576 pertinet
425 1524 498 1565 illa
526 1524 579 1564 ad
609 1524 729 1566 Iliad.
760 1526 812 1566 A.
845 1529 900 1565 69
933 1539 1039 1581 eqs.:

1059 1596 1164 1634 τοῖσι
1194 1588 1231 1633 δ’
1259 1587 1406 1645 ἀνέστη

433 1659 596 1716 Κάλχας
629 1662 887 1718 Θεστορίδης,
919 1659 1182 1704 οἰωνοπόλων
1214 1657 1275 1718 ὅχῖ
1304 1657 1468 1716 ἄριστος

429 1728 477 1781 ὃς
511 1727 590 1790 ἤδη
620 1728 671 1773 τά
702 1727 733 1773 τ’
765 1729 884 1774 ἐόντα
912 1728 963 1773 τά
994 1728 1026 1773 τ’
1058 1728 1228 1784 ἐσόμενα
1259 1728 1340 1786 πρό
1372 1727 1405 1771 τ’
1437 1729 1565 1773 ἐόντα.

335 1874 386 1912 In
429 1873 630 1914 militis
669 1873 810 1925 glori
822 1874 898 1914 osi
943 1887 1063 1915 versu
1100 1875 1209 1913 1245
1255 1873 1524 1925 interroganti
1555 1873 1687 1922 militi,

216 1945 354 1983 utrum
383 1943 559 1983 feminae
600 1944 761 1984 obviam
794 1945 971 1984 eundum
1014 1944 1068 1985 sit
1108 1956 1235 1984 necne
1246 1973 1257 1992 ,
1293 1943 1499 1983 dissuadet
1529 1955 1689 1984 servus:

316 2081 350 2125 1)
375 2081 554 2123 Quomodo
578 2082 718 2114 Plautus
743 2082 899 2123 regiones
922 2083 957 2114 in
976 2081 1116 2115 Graecis
1141 2081 1391 2123 exemplaribus
1414 2080 1600 2121 descriptas
1620 2089 1688 2111 non

217 2141 408 2180 mutaverit,
438 2142 581 2182 apparet
604 2150 647 2172 ex
669 2150 773 2172 versu
798 2141 876 2173 645.

219 2198 286 2230 Sed
310 2208 411 2239 quam
434 2198 566 2240 capiam
582 2198 756 2231 civitatem
780 2199 891 2240 cogito
916 2198 1149 2241 potissimum:
1173 2198 1338 2239 Megares,
1364 2197 1542 2236 Eretriam,
1570 2196 1687 2230 Corin-

215 2257 331 2296 thum,
358 2257 493 2290 Cretam
506 2280 514 2296 ,
540 2256 709 2298 Cyprum,
736 2257 924 2299 Sicyonem,
950 2257 1107 2297 Cnidum,
1131 2256 1361 2297 Zacynthum,
1386 2255 1556 2295 Lesbiam,
1580 2257 1688 2287 Boeo-

216 2315 321 2355 tiam3
357 2323 442 2353 quae
475 2324 590 2346 omnes
624 2319 704 2347 sunt
728 2315 879 2347 Graecae
912 2316 1080 2355 regiones.
1135 2314 1199 2346 Cui
1223 2314 1297 2344 loco
1323 2313 1469 2356 adiungo
1495 2313 1688 2346 Curculion.

217 2383 249 2404 v.
277 2374 368 2406 44³:

642 2431 721 2470 quia
744 2431 833 2462 enim
856 2431 993 2472 Persas,
1018 2431 1266 2471 Paphlagones,

217 2488 375 2528 Sinopes,
399 2487 543 2527 Arabes,
570 2489 688 2528 Caras,
714 2489 897 2526 Oretanos,
924 2489 1030 2529 Syros
1045 2512 1054 2529 ,
1079 2498 1149 2528 eqs.
1164 2510 1173 2527 ,
1210 2487 1267 2518 ubi
1290 2487 1518 2528 Kiesslingius
1540 2487 1689 2529 perbene

217 2556 278 2587 pro
296 2546 453 2579 Oretanis
470 2545 565 2587 Syris
582 2546 726 2578 coniecit
743 2545 910 2577 ‘cretatos'
927 2545 1042 2587 Syros,
1068 2543 1158 2586 quod
1174 2546 1312 2579 Plautus
1336 2549 1475 2579 vertens
1498 2556 1540 2579 ex
1557 2546 1690 2579 Graeca

217 2605 334 2645 lingua
359 2605 501 2637 inseruit
525 2614 586 2645 pro
612 2600 832 2647 λευκοσύρων
856 2604 1035 2637 vocabulo.

309 2664 422 2704 Atque
456 2664 540 2696 haec
574 2663 689 2695 omnia
712 2663 908 2695 nonnullius
931 2662 1092 2695 momenti
1126 2666 1205 2694 sunt
1237 2663 1272 2695 in
1296 2662 1533 2696 constituenda
1557 2662 1687 2698 ratione

217 2721 331 2752 Plauti
355 2721 546 2754 comoedias
570 2720 829 2766 transferendi.¹
