1880 3245
783 186 1073 230 ,53-

199 294 530 345 risimilitudine3
585 295 687 333 adde
728 293 837 347 quod
863 293 981 332 ·haec
1021 292 1157 331 omnia
1197 291 1403 342 mysteriis
1448 293 1666 334 obscurata

199 369 338 413 erant,
369 387 425 392 ——
459 365 565 417 quod
597 378 649 402 ex
678 363 769 402 loco
800 362 991 400 Plautino
1024 374 1186 415 quoque
1218 360 1390 413 sumpsi,
1422 361 1491 400 ubi
1524 361 1665 400 scribi-

197 439 289 474 tur:
333 434 377 472 in
408 447 545 473 aurem
578 432 731 473 dixerit
760 452 817 459 ——
855 434 902 470 ut
931 431 1020 471 fieri
1063 445 1146 470 non
1176 434 1338 483 posset,
1381 434 1428 469 ut
1456 430 1498 468 in
1530 429 1665 482 publi-

198 517 288 543 cum
321 504 523 550 evaderet,
557 501 654 555 quid
685 500 858 541 dixisset
888 496 1075 552 βασιλεύς
1106 499 1329 555 βασιλίννῃ.
1390 502 1527 553 Atque
1552 497 1665 549 βασι-

196 569 271 618 έως
294 573 560 612 ·mentionem
590 571 633 609 in
673 584 780 611 nova
813 571 1020 611 comoedia
1058 571 1271 621 indagavi,
1312 570 1363 609 of.
1398 568 1555 621 Diphili
1589 569 1665 608 Pa-

196 643 363 695 negyris
392 644 686 691 fragmentum:
1401 652 1403 654 ·

751 705 825 760 τ-ἠν
855 706 1048 748 πλατεῖοῖν
1079 722 1142 749 σοι
1174 706 1300 761 μόνον

406 774 556 830 ταύτην
595 778 815 830 πεποίηκεν
855 773 879 818 ὅ
910 775 1122 829 βασιλεῦς,
1165 794 1245 834 quo
1283 780 1372 819 loco
1404 793 1540 828 regem
1574 792 1661 817 esse

194 848 359 900 βασιλέα
391 844 563 900 ἄρχοντα
593 849 674 887 iam
707 854 877 901 apparet
909 863 962 888 ex
982 849 1103 888 titulo
1141 844 1390 901 Πανηγύρει,
1424 861 1527 900 quae
1556 847 1663 885 ludis

195 919 417 959 sacralibus
449 921 548 958 erat.
612 919 742 962 Quam
772 919 1154 971 interpretationem
1196 919 1229 959 si
1267 918 1500 971 accipimus,
1534 930 1663 970 quan-

194 990 286 1028 dam
316 989 400 1028 vim
429 988 563 1028 inesse
593 989 636 1028 in
669 1003 715 1028 eo
747 1003 869 1030 versu
901 1003 1051 1040 negare
1082 1003 1164 1029 nou
1195 1002 1420 1042 possumus.

310 1060 361 1100 Iu
392 1072 514 1099 versu
545 1059 721 1113 denique
753 1063 836 1099 928
870 1061 1123 1113 sycophanta
1153 1059 1452 1109 interrogatus,
1496 1058 1567 1098 ubi
1599 1072 1662 1097 re-

190 1130 361 1182 liquerit
391 1129 598 1168 dominum
622 1130 892 1177 Charmidem,
923 1130 1169 1182 respondet:

362 1198 438 1237 Pol
467 1198 581 1237 illum
601 1198 749 1251 reliqui
781 1199 830 1237 ad
861 1199 1183 1238 Rhadamantem
1213 1198 1256 1237 in
1288 1197 1493 1249 Cecropia.

189 1269 292 1306 Nam
333 1268 389 1307 sic
430 1256 604 1307 scribere
650 1268 755 1307 malo
797 1268 1021 1308 Ritschelio
1065 1268 1108 1306 in
1150 1267 1390 1318 praefation.
1433 1280 1473 1318 p.
1517 1266 1662 1305 LXIX

194 1337 384 1376 editionis
414 1338 676 1386 adhortante,
709 1351 797 1377 cum
830 1337 899 1375 alii
931 1337 1144 1377 lectionem
1177 1337 1359 1376 codicum
1392 1337 1660 1375 ‘Rhadaman-

192 1409 274 1446 tem
305 1407 347 1445 in
380 1406 574 1457 Cecropia
613 1403 757 1446 iusula’
803 1410 961 1447 mutent
1003 1407 1046 1445 in
1087 1407 1348 1446 ‘Rhadamam
1391 1406 1433 1445 in
1465 1405 1661 1456 Cecropia

187 1473 345 1515 insula'.
407 1475 513 1517 Quid
544 1477 622 1516 hoc
653 1477 740 1516 loco
773 1477 923 1516 mentio
955 1477 1245 1516 Rhadamantis
1275 1476 1488 1527 respiciat,
1536 1475 1655 1515 facile

189 1549 251 1585 est
279 1545 514 1595 intellectu,
556 1559 648 1584 nam
679 1544 811 1585 insula
840 1546 907 1586 vel
948 1559 1117 1597 regnum
1147 1546 1257 1585 illius
1286 1546 1394 1597 regis
1425 1545 1552 1596 magis
1583 1558 1654 1584 ex-

188 1615 365 1665 cogitata
395 1619 458 1654 est
488 1628 606 1668 quam
640 1620 686 1655 ut
714 1628 758 1654 re
779 1628 877 1654 vera
906 1615 1081 1655 inveniri
1103 1615 1232 1666 possit
1261 1615 1304 1653 in
1335 1615 1412 1654 hoc
1444 1615 1540 1653 orbe
1570 1620 1650 1654 ter-

186 1697 336 1731 rarum3
369 1688 431 1723 est
459 1698 503 1724 re
524 1698 621 1725 vera
649 1689 758 1724 terra
778 1685 974 1734 fabulosa,
1007 1686 1075 1724 ubi
1100 1686 1284 1725 homines
1304 1685 1538 1725 felicissima
1557 1698 1652 1724 con-

189 1753 343 1792 ditione
375 1754 483 1793 vitae
514 1754 577 1792 usi
608 1757 700 1804 post
729 1758 899 1794 mortem
930 1755 1088 1795 vivunt.
1149 1756 1198 1794 cf.
1232 1754 1305 1794 Od.
1339 1756 1377 1792 Δ
1410 1758 1514 1794 564:

397 1816 495 1861 ἄλλά
527 1816 562 1861 σ’
593 1820 634 1870 ἐς
663 1817 848 1863 Ἠλύσιον
879 1823 1020 1864 πεδίον
1050 1822 1120 1863 καὶ
1151 1823 1318 1877 πείρατα
1349 1823 1467 1878 γαίης

396 1886 598 1932 ἀθάνατοι
627 1891 874 1944 πέμψουσιν,
907 1890 981 1948 ὅθι
1011 1881 1167 1943 ξαήθός
1194 1888 1496 1945 Ῥαδάμανθυς,

394 1963 442 2017 τῇ
475 1975 549 2015 περ
581 1960 723 2015 ῥηίστη
754 1959 874 2015 βιοτὴ
906 1961 1014 2004 πέλει
1045 1959 1341 2018 ἀνθρώποισιν.

307 2033 453 2084 Itaque
484 2034 744 2083 sycophanta,
777 2034 846 2086 qui
878 2034 921 2072 in
953 2038 1040 2074 tota
1061 2047 1180 2074 scena
1210 2034 1472 2087 hyperbolice
1493 2034 1653 2072 locutus

184 2102 245 2139 est
275 2100 341 2152 (cf.
376 2101 483 2154 quod
515 2101 613 2141 dicit
644 2116 685 2141 se
716 2102 758 2140 in
791 2103 946 2142 coelum
977 2103 1204 2143 escendisse
1234 2116 1272 2142 v.
1307 2106 1390 2142 940
1422 2102 1524 2155 eqs.)
1555 2114 1648 2153 per-

185 2170 288 2208 bene
321 2170 484 2220 gloriari
515 2170 671 2221 potuit,
713 2185 754 2210 se
795 2172 853 2211 ibi
897 2173 1102 2211 dominum
1139 2171 1373 2225 reliquisse,
1416 2172 1484 2210 ubi
1527 2183 1647 2210 nemo

189 2238 372 2277 mortalis
401 2252 591 2291 umquam
622 2240 723 2289 fuit,
755 2241 797 2279 in
828 2241 1059 2281 beatissima
1089 2244 1216 2289 terra,
1248 2240 1292 2279 in
1324 2240 1486 2292 Elysio;
1523 2244 1647 2293 atque

186 2307 477 2347 Rhadamantis
519 2310 670 2348 mentio
711 2315 845 2350 exstat
887 2311 1009 2350 etiam
1061 2311 1105 2348 in
1143 2310 1379 2360 fragmentis
1417 2310 1649 2349 comoediae

187 2375 238 2414 cf.
272 2375 394 2415 Mein.
427 2376 485 2414 II.
520 2379 615 2425 802,
651 2382 686 2417 4.
748 2379 862 2418 Haec
892 2379 1053 2432 quidem
1097 2379 1270 2430 perspici
1301 2382 1474 2430 possunt
1518 2383 1560 2418 et
1589 2378 1647 2418 le-

182 2445 298 2485 viora
329 2441 444 2495 sunt,
489 2447 558 2485 sed
595 2447 637 2485 in
677 2449 754 2488 hac
782 2461 827 2487 re
857 2449 1028 2498 haereo,
1072 2449 1178 2501 quod
1211 2449 1503 2489 Rhadamantis
1532 2449 1645 2499 regio

182 2518 252 2554 aut
282 2515 476 2570 Cecropia
505 2519 576 2556 aut
606 2517 800 2569 Cercopia
829 2517 962 2557 insula
992 2518 1233 2557 nominatur.
1307 2518 1411 2558 Nam
1443 2519 1645 2572 quomodo

180 2584 374 2636 Cecropia
402 2585 535 2625 insula
565 2587 591 2626 i.
627 2601 661 2626 e.
724 2589 862 2627 Attica
891 2594 1000 2627 terra
1031 2588 1220 2638 coniungi
1252 2588 1383 2639 possit
1414 2580 1504 2627 cum
1535 2588 1644 2626 Rha-

182 2653 381 2703 damante,
420 2655 544 2695 fratre
576 2656 726 2696 Minois
756 2658 876 2706 regis,
908 2658 978 2710 qui
1010 2663 1097 2697 erat
1125 2658 1168 2695 in
1199 2657 1333 2697 insula
1363 2658 1492 2706 Creta,
1523 2656 1643 2696 intel-

178 2722 313 2773 legere
349 2739 431 2765 non
461 2739 635 2777 possum.
697 2729 832 2780 Atque
873 2727 971 2780 quid
1003 2727 1078 2766 sibi
1118 2726 1219 2767 velit
1258 2727 1453 2778 Cercopia
1495 2726 1641 2775 insula,
