1880 3245
293 935 540 1020 Quomodo
573 965 742 1005 Plautus
773 964 1069 1005 comoediarum
1099 970 1221 1016 poeta
1251 966 1457 1004 Romanus
1489 964 1666 1004 Graecae

206 1048 309 1088 quae
339 1038 507 1075 vocatur
536 1046 667 1074 novae
697 1034 927 1074 comoediae
957 1035 1125 1082 fabulas,
1159 1047 1259 1087 quas
1289 1046 1333 1072 se
1364 1037 1544 1073 secutum
1578 1046 1665 1072 esse

201 1105 289 1156 ipse
319 1102 527 1156 professus
557 1106 636 1153 est,
679 1104 860 1144 imitatus
891 1104 966 1153 sit,
1010 1116 1140 1157 usque
1182 1104 1231 1143 ad
1273 1106 1451 1143 nostram
1492 1107 1665 1143 aetatem

200 1177 264 1214 est
293 1174 344 1214 lis
373 1174 482 1213 inter
519 1173 630 1213 viros
671 1174 820 1213 doctos.
887 1173 976 1213 Jam
1018 1174 1154 1225 priore
1194 1173 1315 1212 huius
1355 1173 1504 1213 saeculi
1547 1178 1665 1224 parte

200 1244 372 1296 Koepke
389 1243 427 1295 ¹)
468 1242 712 1283 testimoniis
752 1243 1201 1284 veterum'criticorum
1244 1242 1439 1293 neglectis
1470 1242 1557 1282 sine
1589 1243 1666 1282 cri-

200 1314 283 1353 tica
311 1314 480 1361 ratione,
512 1315 558 1352 ut
589 1313 803 1353 Bitschelii
832 1313 970 1354 verbis
1000 1318 1114 1361 utar,
1146 1312 1306 1360 statuit,
1345 1312 1479 1351 Plauti
1510 1326 1665 1351 comoe-

201 1383 287 1422 dias
318 1388 561 1437 quamquam
593 1382 636 1421 in
668 1383 789 1422 rebus
819 1386 860 1423 et
889 1382 1059 1434 privatis
1089 1386 1131 1422 et
1160 1381 1334 1434 publicis
1365 1381 1493 1432 magis
1524 1381 1664 1421 Graeci

200 1457 337 1492 essent
367 1452 514 1491 coloris
556 1466 675 1505 quam
707 1453 901 1500 Romani,
945 1456 1080 1491 tamen
1122 1452 1181 1491 ita
1221 1451 1426 1490 confectas
1469 1464 1578 1499 esse,
1622 1456 1666 1491 ut

201 1521 456 1562 omitteretur
486 1521 527 1561 id
549 1522 658 1576 quod
678 1521 853 1574 perspici
886 1535 968 1561 non
999 1524 1137 1573 posset
1166 1534 1190 1560 a
1210 1520 1416 1569 Romanis,
1449 1524 1495 1560 ut
1525 1526 1665 1561 contra

201 1592 448 1631 insereretur
486 1591 527 1630 id
569 1593 675 1644 quod
700 1591 919 1631 delectaret
949 1605 1019 1631 eos
1050 1591 1120 1643 qui
1153 1590 1351 1630 audirent.
1415 1589 1545 1632 Quam
1577 1591 1664 1641 opi·
1732 1583 1734 1585 ¹

205 1661 368 1700 nionem
411 1660 558 1712 partim
597 1660 752 1712 excipit
783 1660 1050 1710 Bitschelius‚
1094 1674 1182 1700 cum
1214 1660 1256 1698 in
1287 1672 1487 1711 parergon
1518 1663 1664 1700 tracta-

204 1731 316 1770 tione
346 1730 557 1771 confirmet
577 1731 763 1771 Plautum
796 1744 877 1770 non
909 1732 1079 1771 verbum
1111 1731 1160 1769 de
1189 1731 1315 1771 verbo
1336 1743 1574 1781 expressum
1595 1744 1665 1770 ex-

203 1799 365 1847 tulisse,
397 1800 466 1839 sed
488 1813 643 1839 summa
662 1800 828 1840 licentia
848 1813 964 1839 usum
996 1812 1083 1839 esse
1112 1800 1156 1838 in
1186 1800 1382 1839 vertendo
1405 1798 1577 1840 Graecas
1607 1801 1666 1839 fa-

200 1869 327 1918 bulas,
360 1872 482 1922 atque
503 1870 580 1909 hoc
610 1870 689 1909 iam
710 1870 805 1909 inde
828 1882 1022 1921 apparere
1046 1870 1153 1922 quod
1174 1869 1244 1908 ille
1266 1882 1425 1920 semper
1445 1883 1666 1921 usurpave-

201 1937 257 1977 rit
301 1937 443 1978 titulos
473 1938 643 1978 Latinos·
683 1952 816 1992 neque
857 1951 1047 1992 umquam
1088 1942 1135 1978 ut
1164 1938 1377 1995 Terentius
1410 1938 1562 1979 Graeca
1593 1953 1665 1979 no-

203 2007 313 2046 mina
342 2008 409 2048 vel
427 2008 625 2048 vocabula
645 2009 795 2048 fabulis
816 2008 1173 2059 praeposuerit²);
1204 2009 1246 2047 in
1279 2021 1400 2060 quam
1423 2010 1666 2049 sententiam

200 2076 321 2115 etiam
373 2076 489 2116 multi
531 2077 598 2116 alii
641 2077 721 2117 viri
775 2077 884 2117 docti
900 2077 939 2130 ⁸)
995 2077 1156 2117 adducti
1197 2081 1304 2116 sunt.
1385 2078 1528 2129 Neque
1567 2092 1666 2118 vero

200 2146 346 2186 desunt
376 2146 445 2199 qui
488 2160 561 2198 pro
593 2150 703 2187 certo
735 2146 941 2187 affirment
970 2146 1159 2186 Plautum
1189 2146 1363 2197 vestigia
1394 2147 1568 2187 Graecae
1599 2161 1664 2187 co-

198 2214 380 2255 moediae
409 2216 468 2256 ita
488 2216 693 2267 pressisse,
724 2219 772 2256 ut
801 2216 922 2256 etiam
954 2229 1028 2255 nos
1049 2215 1256 2255 nonnullis
1275 2216 1514 2266 fragmentis
1535 2230 1665 2258 novae

296 2376 328 2419 1)
364 2376 406 2408 cf.
432 2376 569 2416 Koepki
594 2376 779 2408 dissertat:
815 2376 930 2408 Ueber
967 2377 1020 2409 die
1054 2376 1119 2407 den
1156 2375 1353 2418 Originalen
1385 2378 1662 2419 naehgebildeten

199 2436 282 2466 riim.
307 2434 509 2475 Lustspiele.
558 2434 752 2467 Zeitschrift
775 2435 1289 2479 fiir*Alterthumswissenschnft
1315 2437 1404 2468 1835
1432 2447 1462 2476 p.
1485 2438 1572 2469 1226
1591 2448 1662 2477 eqs.

295 2489 329 2536 2)
357 2492 399 2523 ef.
420 2501 552 2532 parerg.
577 2501 632 2532 pg.
652 2493 718 2524 145
744 2493 907 2533 adnotat„
931 2502 988 2533 pg.
1005 2493 1072 2524 2⁷⁷
1091 2502 1177 2532 sqq„
1203 2493 1367 2525 Ribbeck.
1394 2494 1470 2525 libr.
1491 2495 1533 2526 de
1549 2495 1661 2526 Fried.

198 2548 372 2582 Bitschelii
397 2549 469 2581 vita
492 2550 525 2581 11
549 2559 607 2590 pg.
634 2551 711 2591 105,
739 2550 879 2582 Becker.
904 2549 1071 2582 vindiciae
1096 2551 1288 2584 comoediae
1313 2552 1505 2592 Romanae3
1530 2553 1570 2584 cf.
1598 2554 1662 2584 La-

198 2607 315 2649 dewig.
342 2608 383 2640 de
408 2607 553 2640 Volcatii
578 2607 717 2649 Sedigiti
742 2618 881 2648 canone,
906 2618 1020 2649 progr.
1047 2609 1259 2641 Neostrelitz.
1288 2610 1388 2642 1842.

291 2665 330 2709 3)
364 2673 401 2697 ut
423 2666 509 2698 alios
534 2666 703 2706 omittam,
742 2667 783 2698 de
807 2668 959 2708 Bagnato
995 2667 1031 2698 in
1067 2671 1316 2708 programmate
1349 2668 1547 2710 Ehingiensi
1582 2671 1662 2702 anni

201 2725 289 2757 18⁷8
315 2723 357 2756 de
381 2724 446 2756 hae
462 2734 498 2756 re
523 2725 610 2765 egit:
634 2725 772 2757 Plautus
789 2725 824 2757 in
841 2725 968 2757 seinem
986 2724 1199 2759 Verhbzltniss
1225 2736 1266 2757 zu
1291 2726 1408 2758 seinen
1433 2727 1559 2767 griech.
1586 2727 1662 2760 Ori-

197 2782 346 2822 ginalen.

1362 2847 1378 2882 l
