1880 3245
808 176 1099 220 ...39-

219 270 373 328 femina
402 287 543 325 conta-a
570 284 730 334 veniat,
758 283 875 323 illum
905 286 1134 334 exspectet,
1166 282 1387 332 desideret,
1417 284 1543 336 atque
1572 281 1692 321 miles

221 357 373 403 caveat,
404 365 457 392 ne
485 353 630 405 perdat
658 352 850 404 gloriam:
953 343 970 355 “

296 470 302 477 ·
365 434 459 461 nam
490 422 593 462 nulli
623 421 785 461 mortali
815 420 898 461 scio
928 421 1006 461 hoc
1036 420 1230 472 optigisse
1260 420 1340 460 nisi
1370 421 1526 461 duobus

363 491 456 533 tibiv
470 496 512 532 et
540 490 701 532 Phaoni
730 491 879 532 Lesbio
911 494 993 532 tam
1023 504 1174 532 vesane
1204 494 1251 532 ut
1280 494 1522 531 amarentur.

336 560 466 604 Quam
506 561 687 601 fabulam
724 561 905 601 Phaonis
944 574 1029 600 non
1063 560 1241 602 inveniri
1280 560 1361 601 nisi
1398 560 1444 599 in
1472 560 1692 600 comoediis

217 643 347 673 novae
389 633 431 671 et
471 631 626 670 mediae
670 629 815 671 aetatis
845 630 1084 671 Welckerus
1114 631 1218 670 bene
1250 629 1567 681 demonstravit,
1613 629 1690 671 ita-

219 713 299 753 que
330 700 448 739 modo
479 713 534 739 ex
563 700 622 739 eis
652 700 816 739 haurire
846 699 982 751 potuit
1010 700 1191 740 Plautus.
1252 701 1463 741 Habemus
1483 701 1607 741 etiarn
1638 712 1691 739 ex

218 769 405 811 Platonis
435 769 577 810 comici
609 769 816 810 comoedia
843 769 1011 810 Phaone
1041 770 1311 821 fragmentum
1325 801 1336 820 ,
1368 784 1448 825 quo
1478 772 1691 810 narratur:

219 829 428 879 Phaonem
457 840 501 879 in
531 840 723 881 interiore
754 843 869 891 parte
899 840 1059 880 aedium
1089 840 1289 880 inclusum
1320 844 1537 881 accurrunt
1572 840 1689 879 undi-

217 921 297 962 que
327 908 516 949 mulieres
537 908 706 949 Veneris
728 912 861 950 cestro
888 908 1086 961 impulsae
1116 912 1159 950 et
1187 921 1278 949 cum
1298 910 1466 950 Phaone
1498 909 1689 960 congredi

217 977 437 1029 gestientes
456 980 517 1031 ¹),
565 979 680 1019 cuius
707 978 869 1019 fabulae
900 978 1074 1019 similem
1113 980 1361 1019 comoediam
1401 980 1689 1031 conscripsisse

215 1047 378 1088 videtur
418 1048 686 1101 Antiphanes.
756 1048 945 1103 Denique
995 1049 1039 1088 in
1084 1049 1299 1089 Menandri
1340 1047 1576 1096 Λευκαδίας
1620 1062 1687 1089 co-

216 1118 385 1167 moedia,
417 1131 520 1172 quae
561 1119 610 1158 ad
641 1119 809 1158 eandem
839 1131 925 1158 rem
955 1120 1124 1170 spectat,
1155 1118 1351 1169 legimus:

552 1178 604 1227 οὗ
635 1182 688 1239 δὴ
716 1184 869 1241 λέγεται
899 1182 1041 1241 πρώτη
1075 1181 1241 1237 Σαπφώ

552 1251 623 1296 τόν
651 1250 919 1311 ὑπέρκομπον
948 1258 1124 1310 θηρῶσα
1157 1251 1297 1297 Φάων’

555 1323 764 1378 οἰστρῶντι
794 1321 918 1382 πόθῳ
948 1324 1071 1379 ῥῖψαι
1104 1323 1253 1378 πέτρας
1282 1340 1367 1380 eqs-

217 1409 320 1450 quae
342 1396 489 1447 partim
511 1400 657 1448 sponte
678 1396 1042 1438 commonefaciunt
1062 1410 1213 1447 eorum,
1246 1409 1348 1450 quae
1367 1397 1475 1448 apud
1493 1396 1684 1437 Plautum

215 1466 462 1515 praecedunt
491 1466 699 1516 proxime:
1190 1510 1222 1519 ψ

390 1548 483 1574 nam
514 1538 560 1575 tu
589 1542 630 1575 te
659 1535 784 1577 vilem
814 1535 971 1585 feceris,
1002 1535 1037 1576 si
1067 1539 1109 1576 te
1138 1535 1245 1576 ultro
1275 1534 1467 1587 largiere:

388 1605 477 1646 sine
506 1606 613 1646 ultro
644 1606 793 1656 veniat,
826 1606 1039 1660 quaeritet,
1069 1605 1282 1656 desideret,
1312 1608 1534 1657 exspectet.

329 1676 448 1716 Nunc
479 1676 558 1716 duo
589 1675 667 1716 loci
698 1675 819 1716 huius
848 1676 1010 1716 fabulae
1039 1689 1122 1716 una
1151 1675 1351 1717 tractandi
1382 1678 1488 1724 sunt,
1531 1689 1570 1717 v.
1604 1678 1680 1715 61:

384 1746 641 1797 rogitabant:
670 1746 807 1786 hicine
836 1746 1018 1787 Achilles
1048 1745 1138 1787 est?

330 1829 368 1856 v.
409 1818 542 1856 10542
573 1817 673 1866 Age,
706 1815 761 1855 mi
791 1815 984 1865 Achilles,
1015 1815 1098 1865 fiat,
1131 1816 1240 1870 quod
1270 1817 1312 1856 te
1341 1828 1434 1855 oro:
1463 1814 1533 1855 ubi
1564 1814 1681 1855 miles

212 1890 253 1925 et
282 1898 306 1924 a
335 1898 452 1925 servo
484 1889 527 1925 et
555 1898 580 1924 a
608 1885 777 1925 muliere
820 1885 1052 1926 nominatur
1082 1885 1263 1926 Achilles
1302 1890 1470 1937 propter
1508 1886 1679 1925 formam

210 1958 252 1994 et
282 1955 586 2003 fortitudinem3
616 1958 740 2007 atque
762 1954 961 1994 Achillem
992 1954 1310 2005 pulcherrimum
1341 1958 1383 1994 et
1412 1952 1678 1996 fortissimum

208 2024 252 2063 in
281 2023 410 2063 Iliade
442 2012 613 2064 describi
644 2024 724 2064 iam
754 2024 942 2064 omnibus
972 2028 1113 2064 notum
1145 2027 1220 2065 est.

314 2094 541 2135 Praeterea
571 2096 706 2135 exstat
733 2094 803 2135 hic
836 2107 998 2136 versus:

265 2165 404 2216 Atque
435 2164 470 2204 is
498 2164 726 2204 Alexandri
756 2168 962 2216 praestare
993 2163 1199 2215 praedicat
1228 2164 1382 2203 formae
1413 2176 1536 2212 suam,

264 2234 404 2287 itaque
435 2247 574 2274 omnes
594 2248 637 2274 se
668 2234 776 2275 ultro
807 2234 954 2275 sectari
983 2234 1028 2273 in
1052 2233 1214 2285 Epheso
1245 2237 1443 2275 memorat
1472 2232 1674 2275 mulieres.

207 2303 280 2342 Oui
306 2303 381 2342 hos
402 2316 544 2343 versus
564 2303 717 2355 legenti
748 2317 830 2344 non
851 2303 987 2345 statim
1018 2304 1060 2342 in
1081 2306 1258 2343 mentem
1288 2303 1404 2344 venit
1421 2302 1534 2352 illud,
1567 2304 1675 2356 quod

206 2373 363 2414 Hector
392 2372 507 2413 Iliad.
541 2373 588 2415 Γ.
622 2377 675 2414 39
707 2373 820 2415 dicit:

381 2437 573 2495 Δύσπαρι
603 2436 710 2490 εἶδος
740 2437 887 2496 ἄριστε,
919 2438 1171 2496 γυναιμανὲς,
1203 2436 1474 2494 ἠπεροπευτά.

206 2511 313 2563 Ergo
344 2511 394 2551 de
424 2511 658 2552 Alexandro
674 2525 834 2564 -magno
866 2512 1043 2564 cogitare
1073 2525 1154 2551 non
1184 2511 1291 2551 licet.

300 2661 334 2708 1)
359 2664 401 2696 cf.
419 2663 586 2697 Meineck.
603 2663 733 2696 Hister.
750 2663 827 2697 crit.
844 2673 877 2704 p.
900 2664 976 2696 186.
1000 2662 1166 2694 Mcineek.
1186 2662 1251 2702 frg.
1271 2671 1357 2694 com.
1376 2662 1423 2693 11.
1440 2671 1497 2702 με.
1517 2663 1585 2695 672
1600 2672 1670 2702 eqs.
