1880 3245
827 155 1121 200 -62-

242 261 296 300 sit
337 263 432 312 post
475 260 610 300 Plauti
653 265 836 302 mortem.
884 264 1000 319 ‘Nam
1038 262 1264 314 suspicioni>
1290 264 1411 305 locus·
1431 263 1597 304 relictus
1637 265 1712 313 est,

239 344 290 370 an
344 331 444 371 haec
494 331 647 372 mentio
701 332 828 372 Attali
882 336 1005 387 atque
1046 333 1217 385 Spartae
1267 333 1335 373 alii
1379 334 1604 381 Poenulum
1647 346 1711 373 re-

238 402 431 442 tractanti
462 405 609 452 poetae
649 402 866 442 tribuenda
896 403 961 443 sit.
1023 407 1160 457 Atque
1190 416 1234 443 re
1264 416 1363 444 vera
1392 404 1472 444 hoc
1503 403 1710 444 nonnullis

237 473 360 511 rebus
401 471 664 512 confirmatur
708 475 749 511 et
780 473 994 523 probatur,
1040 487 1133 513 nam
1165 474 1361 514 habemus
1392 474 1592 525 duplicem
1624 474 1710 514 exi·

237 546 322 581 tum
339 542 502 581 fabulae
524 542 592 593 (cf.
616 541 791 592 Hasper.
813 542 972 582 dissert.
995 544 1045 582 de
1066 543 1215 595 duplici
1239 543 1588 588 exituPlautinae
1608 545 1711 585 Poe-

237 612 323 652 nuli
355 612 466 663 Lips.
502 612 651 663 1868),
693 615 816 664 atque
846 612 1069 652 Teuffelius
1099 613 1142 652 in
1173 615 1276 653 Mus.
1307 614 1421 654 rhen.
1455 616 1562 652 1853
1592 616 1709 665 p..36

235 681 434 720 nonnulla
462 681 685 729 adnotavit,
716 694 820 733 quae
850 682 895 720 in
926 682 1117 722 Plautina
1146 683 1355 723 comoedia
1383 683 1457 723 vix
1488 683 1587 721 ferri
1617 695 1711 733 pos·

238 743 340 799 sent,
371 753 583 801 praeterea
603 751 737 789 au‘tem
768 750 810 789 in
842 764 902 790 vs.
926 754 1156 791 650—664
1189 752 1253 792 bis
1273 752 1494 804 exponitur
1524 755 1567 791 et
1595 764 1712 803 pere-

238 821 399 871 grinum
429 820 536 860 velle
568 832 703 860 amare
731 823 855 873 atque
896 825 1039 872 potare
1069 822 1125 874 (v.
1159 825 1240 861 649
1273 822 1343 862 ubi
1378 829 1560 875 'nequam
1589 821 1714 874 chiat

237 912 295 919 —
328 893 411 929 652
444 885 600 941 potare,
641 902 775 930 amare
805 891 915 942 vult)
946 895 989 931 et
1018 892 1173 944 Lycum
1203 892 1393 944 praedam
1422 892 1575 932 habere
1605 890 1705 944 (651
1769 919 1772 922 -

236 961 387 1011 praeda
427 960 528 999 haec
568 972 658 998 mea
698 964 761 1000 est
790 983 847 989 —-
880 964 962 1000 659
1006 965 1047 1001 et
1090 962 1238 1001 bonam
1263 962 1470 1013 praedam
1510 961 1615 1000 datis
1655 982 1712 991 -—-

240 1034 323 1069 662
355 1043 430 1069 rex
459 1028 564 1080 sum)
590 1033 649 1069 set
677 1031 937 1081 peregrinum
967 1045 1153 1082 magnam
1194 1032 1282 1082 auri
1312 1032 1397 1073 vim
1427 1032 1576 1070 habere
1608 1032 1708 1083 (65J

237 1113 379 1139 aurum
409 1101 533 1139 habet
562 1121 620 1128 —
651 1103 735 1139 660
767 1104 971 1141 trecentos
1001 1115 1186 1141 nummos
1215 1102 1396 1152 Philippi
1427 1103 1564 1152 portat
1593 1112 1710 1151 prae-

236 1169 346 1220 sidi).
395 1170 481 1219 Ego
504 1169 668 1222 quidem
689 1170 1038 1220 persuasissimum
1058 1172 1203 1219 habeo,
1233 1172 1310 1210 hoc
1339 1171 1428 1210 loco
1449 1183 1537 1209 esse
1557 1169 1710 1209 indicia

236 1239 558 1289 retractationis,
605 1240 712 1293 quod
757 1253 1000 1294 quamquam
1045 1242 1223 1281 nondum
1265 1241 1363 1281 satis
1395 1239 1568 1280 dilucide
1599 1234 1706 1279 eoin-

237 1311 411 1360 probare
442 1323 617 1359 possum,
649 1313 785 1349 tamen
817 1323 956 1360 spero,
988 1324 1051 1349 me
1083 1311 1263 1359 evicisse,
1294 1311 1405 1349 illam
1437 1309 1564 1349 Attali
1596 1308 1723 1347 men?

236 1381 390 1419 tionem
420 1393 504 1418 non
534 1379 736 1430 respicere
769 1379 950 1419 Attalum
983 1381 1169 1431 primum,
1202 1380 1336 1419 Plauti
1368 1378 1589 1432 aequalem.

355 1452 492 1501 Atque
532 1448 704 1487 alterum
747 1457 911 1502 quoque
940 1449 1094 1496 locum,
1140 1448 1210 1501 qui
1242 1452 1304 1487 est
1331 1448 1375 1486 in
1407 1448 1546 1487 eadem
1578 1432 1717 1496 scena,-

236 1519 300 1559 his
340 1519 462 1558 rebus
503 1517 700 1568 expositis
742 1531 806 1557 me
849 1518 892 1557 in
939 1518 1209 1569 suspicionem
1241 1530 1398 1567 vocare,
1441 1518 1525 1557 noli
1558 1518 1709 1557 mirari.

235 1590 287 1626 In
318 1601 440 1627 versu
470 1587 579 1625 enim
604 1590 687 1625 684
713 1587 964 1639 Collybiscus
995 1587 1145 1636 lenoni,
1178 1601 1250 1626 cur
1279 1587 1503 1638 hospitium
1534 1586 1706 1625 liberum

236 1657 448 1711 quaeritet,
482 1657 675 1708 rogitanti
707 1658 951 1709 respondet:

383 1726 489 1768 Quia
517 1739 543 1766 a
572 1727 718 1766 muscis
750 1727 783 1766 si
817 1728 871 1766 mi
903 1728 1124 1778 hospitium
1157 1738 1391 1780 quaererem

382 1796 617 1837 Adveniens
647 1796 749 1836 irem
779 1791 823 1835 in
854 1809 1055 1836 carcerem
1085 1801 1196 1837 recta
1224 1796 1302 1837 via.

382 1867 469 1916 Ego
501 1867 543 1904 id
574 1878 724 1918 quaero
756 1866 998 1916 hospitium,
1028 1866 1097 1905 ubi
1129 1878 1204 1916 ego
1237 1877 1353 1904 curer
1384 1863 1555 1912 mollius,

388 1935 519 1978 Quam
550 1935 635 1986 regi
669 1935 873 1975 Antiocho
906 1935 1011 1975 oculi
1043 1935 1174 1974 curari
1206 1935 1349 1974 solent.
1395 1967 1400 1970 .

354 2008 492 2058 Atque
531 2005 705 2055 primum
737 2004 899 2058 quidem
944 2005 1072 2044 oritur
1102 2004 1308 2058 quaestio,
1350 2003 1442 2057 quis
1482 2001 1609 2041 fuerit
1637 2001 1707 2040 ille

236 2076 484 2124 Antiochus,
518 2075 631 2114 cuius
662 2074 767 2114 oculi
798 2076 977 2126 perbene
1008 2075 1139 2115 curari
1177 2075 1321 2114 solent.
1381 2071 1603 2113 Teuffelius
1632 2070 1706 2110 1.1.

234 2147 362 2185 refert
391 2146 491 2184 haec
522 2145 571 2183 ad
592 2146 842 2184 Antiochum
874 2157 1085 2193 magnum:
1116 2157 1167 2182 zu
1198 2144 1350 2183 diesem
1370 2141 1521 2181 Datum
1553 2141 1707 2182 stimmt

236 2216 373 2254 ferner
413 2215 479 2253 die
520 2214 784 2264 Erwiihnung
825 2214 894 2252 des
935 2213 1164 2253 Antiochus
1205 2213 1265 2252 als
1305 2211 1412 2251 noch
1440 2210 1610 2260 lebend,
1656 2211 1707 2249 da

237 2285 368 2324 dieser
406 2288 489 2324 erst
522 2284 601 2323 567
635 2296 670 2324 a.
703 2297 741 2324 u.
774 2297 807 2324 c,
848 2284 955 2323 noch
996 2296 1069 2334 gar
1108 2282 1223 2332 nicht
1262 2282 1320 2321 alt
1362 2281 1440 2320 den
1470 2280 1554 2321 Tod
1594 2280 1704 2320 fand.

237 2355 315 2394 Sed
348 2354 533 2406 quamvis
565 2354 700 2394 dedita
737 2366 862 2405 opera
890 2353 934 2392 in
966 2365 1106 2392 omnes
1147 2352 1197 2391 ad
1228 2352 1347 2392 hasce
1377 2363 1442 2390 res
1472 2353 1704 2402 spectantes

237 2424 454 2475 scriptores
484 2423 788 2476 inquisiverim‚
820 2423 919 2462 mihi
949 2436 1033 2462 non
1063 2421 1256 2471 contigit,
1286 2424 1333 2460 ut
1357 2420 1455 2473 quid
1477 2420 1703 2461 evincerem

237 2494 287 2533 de
331 2491 526 2531 Antiochi
580 2491 718 2531 oculis.
788 2492 1006 2531 Praeterea
1047 2503 1206 2541 semper
1245 2490 1389 2529 mirum
1440 2501 1528 2528 esse
1570 2489 1702 2541 debet,
1724 2497 1734 2504 ·

237 2563 375 2604 oculos
415 2573 571 2601 summa
609 2560 772 2599 luxuria
816 2561 883 2601 vel
914 2574 1069 2601 summo
1100 2563 1244 2600 ornatu
1276 2560 1374 2608 coli,
1418 2571 1514 2609 ergo
1545 2558 1626 2596 iam
1656 2570 1729 2601 ea,

234 2646 280 2672 re
310 2630 498 2671 Teuffelii
529 2629 722 2669 iudicium
752 2630 994 2669 labefactum
1027 2632 1109 2678 est3
1152 2630 1258 2683 quod
1301 2628 1493 2668 Goetzius
1538 2638 1702 2681 quoque

235 2702 281 2744 in
320 2701 500 2743 editione
541 2700 714 2741 Poenuli
754 2700 1011 2752 perspexisse
1051 2700 1234 2749 videtur,
1265 2713 1354 2739 cum
1386 2712 1459 2751 pro
1491 2697 1619 2738 oculis
1650 2709 1703 2736 ex
