1880 3245
791 176 1084 221 ..17-

321 282 476 332 emin
507 276 779 334 descriptione
808 282 915 324 Iudit
933 282 1077 324 Euo-150
1096 270 1307 333 trifariae,
1338 283 1580 337 Geryonem,
1601 286 1677 323 Ar-

205 367 301 405 gum
320 352 393 393 Ius
413 349 631 402 custodem,
662 351 988 393 Corinthiensem
1007 354 1175 394 fontem.
1218 356 1355 407 Atque
1375 354 1495 408 coqui
1518 365 1679 405 compa-

203 424 346 462 rantur
375 434 465 461 cum
487 421 687 476 Geryone,
710 422 819 476 quod
842 423 959 477 quasi
979 427 1159 464 monstra
1179 436 1254 464 sex
1273 424 1461 463 manibus
1480 423 1680 464 instructa

205 490 352 532 multas
372 504 437 531 res
466 492 626 533 auferre
652 495 835 543 possunt.
885 492 1114 547 Geryonem
1144 493 1270 534 fuisse
1291 496 1515 534 monstrum
1536 487 1679 546 τρισύ-

207 574 335 612 ματον
364 561 462 601 satis
482 564 625 602 notum
656 564 729 611 est,
761 562 810 602 cf.
841 563 983 614 fragm.
1008 563 1201 616 Aeschyli
1232 563 1283 602 ab
1304 561 1620 604 Wilamowitzio
1640 562 1678 615 ¹)

206 643 260 669 ex
289 630 455 671 scholiis
484 631 625 682 Eurip.
657 632 782 671 Rhesi
812 631 918 684 (cod.
949 632 1091 684 Marc.)
1120 632 1296 672 feliciter
1324 632 1582 683 indagatum:

1084 698 1244 741 ἐκεῖθεν

378 763 553 823 ὄρμενος
581 763 823 824 ὄρθόκερως
853 768 957 822 βοῦς
984 764 1100 822 ἤλασ’
1136 765 1206 810 ἄπ’
1237 765 1414 822 ἐσχάτων

385 834 505 892 γάιας
535 833 715 879 ὠκεανὸν
744 834 924 894 περάσας
954 837 998 880 ἐν
1028 836 1147 880 δέπαι
1175 834 1426 895 χρυσηλᾶτφ,

388 904 568 963 βοτῆράς
596 905 625 949 τ’
660 905 835 958 ἀδίκους
864 907 1014 950 ἔκτεινε
1043 905 1244 962 δεσπότην
1272 923 1313 949 τε
1343 908 1506 964 τρίζυγα

384 975 457 1018 τόν
485 978 577 1032 τρία
606 975 711 1032 δόρη
740 976 943 1020 πάλλοντα
972 976 1094 1032 χερσὶ,
1125 979 1215 1033 τρία
1245 974 1280 1018 δ’
1312 979 1504 1018 ΙΑΤΗΣ

385 1043 491 1100 σᾶκη
521 1048 746 1101 προτείνων
776 1051 881 1101 τρεῖς
910 1044 944 1087 τ’
974 1047 1186 1089 ἐπισσείων
1216 1044 1372 1099 λόφους

384 1113 523 1169 ἔστειχ’
558 1111 646 1165 ἶσος
663 1112 782 1172 ’Ἇρει
807 1116 944 1171 βίαν.

211 1157 358 1227 deinde
388 1188 529 1229 confer
559 1188 759 1242 Aeschyl.
779 1190 922 1240 Agem.
955 1189 1061 1230 870:

422 1255 459 1297 εἰ
488 1254 526 1297 δ’
562 1249 616 1310 ἦν
645 1253 868 1311 τεθνηκώς,
899 1253 956 1306 αῖς
986 1254 1196 1311 ἐπλήθυον
1220 1254 1347 1313 λόγοι,

420 1323 672 1382 τρισωματός
701 1343 774 1369 ταν
804 1324 979 1383 Γηρύων
1009 1344 1032 1369 ο
1063 1324 1250 1383 δεύτερος
1278 1342 1365 1383 eqs.

211 1399 262 1439 cf.
292 1398 434 1450 Eurip.
463 1399 629 1440 Hercul.
661 1402 771 1440 424:

427 1462 498 1508 τόν
529 1463 782 1521 τρισώματον
811 1462 917 1508 οἷσιν
946 1465 1043 1507 ἔκτα
1073 1462 1211 1521 βοτῆρ’
1240 1463 1466 1521 Ἐρυθείας.

213 1537 360 1578 deinde
390 1538 442 1579 cf.
473 1538 682 1590 Aristoph.
727 1538 770 1577 in
800 1538 976 1579 Acheru.
1013 1541 1147 1578 1082:
1193 1532 1328 1589 βούλει
1369 1532 1571 1589 μάχεσθαι
1605 1539 1684 1590 Γη-

214 1603 344 1664 ρυόνῃ
364 1607 607 1663 τετραπτίλῳ
622 1611 664 1648 et
678 1608 802 1648 schol.
822 1608 874 1647 ad
889 1608 930 1648 h.
951 1608 1000 1648 L:
1021 1601 1045 1647 ὅ
1064 1602 1141 1661 γὰρ
1160 1602 1387 1659 Γηρυόνης,
1410 1598 1461 1646 οὗ
1483 1605 1683 1661 ἐμνήσθη,

215 1674 456 1730 τρικέφαλος
486 1691 571 1731 eqs.
602 1681 688 1719 tum
719 1678 934 1730 Ephippus
965 1677 1141 1718 comicus
1171 1677 1347 1718 Graecus
1377 1677 1541 1730 scripsit
1569 1678 1686 1719 fabu-

216 1748 296 1787 lam
329 1743 559 1802 Γηρυόνην.
620 1748 808 1803 Denique
839 1747 1047 1799 Geryones
1089 1746 1221 1801 qualis
1262 1747 1340 1787 hoe
1370 1747 1460 1788 loco
1492 1748 1688 1788 describi-

217 1820 296 1867 tur,
336 1821 458 1859 notus
488 1818 609 1859 etiam
640 1822 702 1859 est
732 1831 785 1858 ex
813 1818 988 1860 vasculis
1017 1817 1139 1870 pictis
1153 1840 1157 1843 >
1170 1818 1281 1857 haud
1312 1818 1472 1869 paucis,
1515 1831 1687 1873 quorum

217 1888 415 1928 nonnulla
457 1889 658 1940 Aeschylo
689 1888 874 1943 aequalia
903 1891 1019 1938 sunt,
1061 1900 1142 1942 qua
1173 1901 1226 1928 ex
1256 1901 1300 1928 re
1329 1890 1515 1941 apparet,
1561 1889 1688 1929 Athe·

218 1957 384 1999 nienses
441 1959 668 2011 Geryonem
720 1959 980 2010 trigeminum
1019 1957 1299 2007 ’credidisses
1325 1970 1572 2011 quamquam
1623 1958 1690 1999 vir

219 2028 363 2068 summi
392 2028 436 2067 in
466 2027 530 2068 his
569 2029 691 2068 rebus
720 2028 859 2069 iudicii
891 2028 1101 2068 Loesehke
1131 2028 1175 2067 in
1215 2027 1367 2067 eximia
1399 2028 1689 2079 disputatione,

219 2111 340 2152 quam
382 2098 431 2137 de
472 2098 648 2139 vasculis
680 2098 903 2157 Minervam
950 2099 1179 2138 nascentem
1224 2096 1515 2137 exhibentibus
1558 2109 1690 2148 nuper

219 2168 357 2217 edidit,
390 2168 603 2209 oblocutus
633 2171 695 2208 est
725 2163 861 2208 errore
891 2168 1047 2209 ductus.
1092 2167 1170 2206 Sed
1201 2179 1253 2205 ne
1284 2166 1382 2220 quid
1414 2165 1596 2206 omisisse
1626 2165 1690 2206 vi-

220 2237 328 2288 dear,
360 2252 514 2293 coquus
544 2238 664 2280 etiam
695 2239 740 2278 in
760 2252 868 2281 nova
899 2238 1105 2279 comoedia
1132 2237 1338 2278 confertur
1368 2250 1459 2277 cum
1484 2235 1689 2286 monstris,

222 2308 330 2363 quod
360 2308 526 2360 colligas
557 2322 610 2348 ex
639 2309 812 2350 Philem.
842 2309 920 2360 frg.
954 2306 1028 2349 40b
1066 2306 1247 2361 (Mein.):
1448 2307 1450 2310 ’

548 2446 643 2488 Quae
665 2448 713 2480 mi
737 2447 946 2481 interbibere
970 2447 1055 2486 sola,
1080 2447 1110 2479 si
1132 2446 1214 2478 vino
1238 2448 1358 2485 scatat,

548 2505 821 2539 Corinthiensem
844 2515 935 2546 eqs.,
988 2527 991 2529 >

223 2565 289 2598 Sed
314 2565 354 2597 ‘si
376 2564 459 2596 vino
482 2563 601 2596 seatat’
624 2564 840 2597 referendum
866 2567 918 2596 est
940 2572 1010 2595 non
1033 2563 1078 2595 ad
1102 2562 1296 2602 tibicinam,
1320 2570 1440 2593 verum
1465 2561 1509 2593 ad
1534 2562 1685 2603 fontem3

221 2633 301 2655 nm
323 2623 352 2655 si
375 2623 438 2654 illa
458 2622 602 2654 tibicina
625 2626 736 2655 scatet
758 2623 850 2662 vino,
875 2621 996 2653 bibere
1019 2630 1088 2653 non
1112 2620 1257 2661 amplius
1281 2621 1405 2659 potest.

316 2682 352 2722 3)
376 2681 421 2713 cf.
444 2681 577 2713 dissert.
602 2681 645 2713 de
669 2681 773 2713 Rhesi
796 2680 936 2713 scholiis
959 2680 996 2711 in
1020 2680 1121 2711 indic.
1149 2679 1227 2710 lect.
1255 2677 1407 2710 univers.
1441 2676 1687 2718 Gryphisnld

224 2739 383 2784 1877178.

1382 2800 1406 2836 2
