1880 3245
802 145 1091 201 „61-

218 255 398 296 moediae
431 266 592 307 quoque
633 252 763 292 clarus
793 254 961 303 propter
989 255 1115 292 artem
1145 265 1275 300 suam,
1317 265 1437 306 quam
1468 251 1607 290 multis
1638 250 1682 288 in

215 326 384 366 urbibus
415 323 618 372 exercuit,
662 325 785 375 atque
823 324 893 361 aut
921 321 1038 362 valde
1069 335 1158 361 erro
1190 327 1260 361 aut
1296 322 1339 360 in
1370 336 1460 361 eum
1501 323 1682 374 perbene

217 394 389 449 quadrat
415 394 529 433 locus
558 392 784 432 Plautinus.

336 464 449 508 Quae
489 464 622 503 adhuc
660 461 956 514 disputavimus
1009 474 1138 513 paene
1184 462 1319 501 omnia
1361 463 1567 502 nonnullis
1610 478 1681 503 ex-

219 533 348 586 c'eptis
378 533 589 586 pertinent
621 532 669 571 ad
703 530 916 571 historiam
939 531 1184 571 Graecorum
1215 545 1348 585 neque
1380 546 1514 572 rerum
1546 547 1570 573 a
1598 534 1680 573 Ro-

218 603 348 643 manis
390 607 595 653 gestarum
633 602 677 641 in
721 601 803 641 illis
846 601 1064 641 comoediis
1106 601 1233 645 ullum
1272 602 1504 651 vestigium.
1578 605 1681 643 Nam

220 673 326 726 quod
359 673 408 711 de
439 672 589 711 Poenis
618 671 790 720 legimus
820 671 864 709 in
896 670 1124 711 Cistellaria
1153 671 1310 710 fabula:

498 745 546 790 ut
575 740 693 782 vobis
722 740 821 781 victi
844 740 971 779 Poeni
1003 752 1155 792 poenas
1185 740 1382 779 sufferant
1392 755 1403 789 ;

217 812 260 850 id
292 811 397 863 nihil
427 811 478 850 ad
507 817 617 862 rem,
661 801 760 849 nam'
785 823 850 849 me
880 809 1015 848 iudice
1047 808 1294 848 Ritsehelius
1327 808 1395 859 (cf.
1428 811 1595 861 opuscul
1626 812 1683 851 ΙΙ.

220 894 287 932 pg.
319 880 420 933 739)
451 886 562 920 recte
595 879 891 926 demonstravit
920 880 1027 918 hanc
1059 880 1187 918 totam
1216 877 1394 918 fabulam
1426 879 1685 921 dilaceratam

221 953 344 1003 atque
375 950 585 990 disiectam
617 962 716 998 esse,
750 953 791 988 et
819 949 933 988 illam
964 960 1138 996 scenam,
1169 947 1214 986 in
1247 960 1326 1001 qua
1356 948 1435 988 hoc
1465 950 1514 988 de
1536 951 1685 990 Poenis

220 1020 419 1075 scriptum
458 1023 540 1069 est,
584 1019 737 1077 indicia
766 1018 1098 1072 interpolationis
1129 1031 1226 1070 prae
1258 1031 1300 1057 se
1330 1019 1451 1058 ferre.
1513 1020 1686 1060 Restant

221 1091 298 1130 duo
329 1090 420 1140 loci,
454 1090 524 1144 qui
554 1091 603 1129 ad
627 1104 693 1130 res
724 1092 858 1140 gestas
878 1088 1017 1128 Plauti
1049 1101 1218 1129 coaevas
1241 1088 1460 1129 videantur
1489 1095 1686 1142 spectare.

222 1162 271 1199 In
303 1161 484 1200 Poenulo
516 1160 625 1200 enim
657 1159 711 1212 (v.
736 1159 837 1211 655)
870 1158 1012 1198 dicunt
1041 1159 1243 1207 advocati,
1272 1159 1531 1210 peregrinum
1562 1161 1687 1201 fuisse

221 1227 421 1269 latronem
451 1230 495 1269 in
527 1230 672 1282 Sparta
702 1229 809 1281 apud
840 1240 976 1277 regem
1004 1227 1208 1268 Attalum:

640 1312 734 1338 nam
764 1298 833 1337 hic
861 1297 966 1337 latro
998 1297 1041 1336 in
1071 1296 1218 1350 Sparta
1248 1298 1337 1338 fuit.

430 1368 486 1408 Ut
515 1368 677 1421 quidem
705 1368 794 1418 ipse
825 1366 932 1405 dixit
960 1366 1090 1414 nobis,
1122 1367 1230 1417 apud
1260 1380 1397 1417 regem
1428 1370 1633 1410 Attalum:

430 1439 531 1478 Inde
562 1439 642 1477 huc
672 1437 841 1487 aufugit,
875 1435 1066 1490 quoniam
1097 1435 1257 1489 capitur
1289 1437 1493 1490 oppidum.

341 1509 443 1547 Eum
476 1508 656 1548 Attalum
699 1520 781 1546 non
811 1506 936 1546 fuisse
966 1519 1102 1556 regem
1132 1506 1442 1557 Spartanorum,
1486 1510 1556 1549 sed
1586 1511 1684 1550 Per-

224 1591 483 1629 gamenorum
526 1590 653 1630 prope
684 1577 869 1629 Spartam
910 1580 1109 1617 moratum
1147 1576 1228 1616 iam
1273 1577 1448 1618 Meierus
1488 1578 1514 1619 l.
1546 1580 1572 1621 1.
1614 1595 1685 1622 ex-

140 1650 145 1654 ’
223 1648 370 1699 posuit.
444 1650 579 1701 Atque
611 1650 808 1701 quantum
849 1659 924 1697 ego
954 1646 1094 1686 videre
1135 1659 1319 1697 possum,
1362 1649 1523 1688 Attalus
1564 1651 1688 1690 semel

220 1720 378 1757 tantum
422 1718 466 1756 in
498 1717 665 1757 Graecia
704 1716 904 1768 pugnavit
942 1720 1046 1756 teste
1088 1716 1260 1767 Polybio
1305 1719 1360 1768 (9,
1394 1721 1461 1767 30,
1495 1719 1538 1772 7)
1579 1733 1685 1760 anno

224 1790 307 1826 544
338 1800 373 1827 a.
405 1801 444 1826 u.
478 1801 508 1826 c.
569 1786 647 1826 Sed
689 1799 780 1826 cum
820 1785 1016 1838 Polybius
1060 1789 1197 1826 narret
1235 1785 1306 1825 illo
1338 1792 1518 1839 tempore
1549 1802 1686 1841 regem

211 1842 403 1896 'Attalum
420 1857 521 1896 mari
539 1857 690 1896 bellum
712 1857 883 1907 gessisse
914 1870 1003 1895 cum
1021 1855 1188 1904 Nabide,
1214 1857 1298 1896 'hoc
1329 1870 1411 1896 non
1442 1861 1613 1911 quadrat
1643 1862 1687 1900 in

224 1930 405 1967 nostrum
436 1927 580 1976 locum,
614 1940 694 1980 quo
710 1926 873 1966 Attalus
904 1939 976 1978 pro
991 1925 1200 1977 Spartanis
1220 1926 1263 1966 in
1293 1927 1383 1979 ipsa
1399 1929 1498 1968 urbe
1521 1935 1688 1981 pugnat,

222 2019 280 2025 —
310 1997 389 2042 fuit
423 1997 531 2036 enim
562 1997 664 2036 latro
699 1997 867 2048 Spartae
909 1997 1016 2047 apud
1053 1997 1256 2046 Attalum,
1298 1999 1405 2037 unde
1438 2001 1538 2039 urbe
1573 2007 1690 2053 capta

225 2067 384 2118 aufugit
411 2089 481 2106 -.
511 2067 620 2117 Ergo
661 2067 710 2106 de
741 2066 817 2106 hac
847 2066 976 2106 Attali
1008 2080 1144 2118 pugna
1174 2071 1307 2107 actum
1338 2072 1412 2108 est.
1472 2070 1578 2110 Num
1611 2073 1689 2112 alio

225 2141 408 2188 tempore
438 2137 481 2175 in
515 2136 682 2176 Graecia
710 2136 780 2175 ille
811 2149 887 2175 rex
915 2149 1026 2175 arma
1057 2137 1209 2187 ceperit
1237 2151 1310 2188 pro
1342 2137 1569 2190 Spartanis,
1608 2155 1690 2181 non

227 2206 333 2255 scio,
372 2219 461 2245 cum
492 2206 597 2245 nihil
628 2206 676 2245 de
716 2206 793 2245 hac
837 2219 881 2245 re
921 2205 1107 2246 invenire
1148 2207 1312 2258 possim.
1372 2208 1517 2260 Sparta
1556 2212 1692 2253 Plauti

226 2279 358 2316 aetate
399 2276 463 2316 bis
508 2278 741 2327 expugnata
781 2279 843 2315 est
877 2278 957 2314 532
1004 2277 1054 2315 ab
1085 2276 1313 2327 Antigono,
1356 2281 1437 2318 565
1471 2281 1521 2319 ab
1552 2282 1690 2322 Philo-

228 2359 446 2397 poemene,
488 2346 558 2385 sed
590 2346 623 2385 si
655 2345 817 2386 Attalus
847 2346 1099 2386 interfuisset
1135 2347 1196 2385 illi
1228 2348 1354 2398 priori
1384 2351 1689 2400 expugnationi,

227 2415 269 2453 id
309 2418 418 2455 certe
460 2415 675 2454 memoriae
706 2416 909 2466 proditum
941 2420 1069 2464 esset;
1110 2417 1237 2457 altera
1276 2422 1410 2458 autem
1441 2420 1689 2470 expugnatio

201 2484 344 2537 wacta·
374 2488 436 2526 est
467 2485 603 2525 Attalo
643 2488 824 2534 mortuo,
866 2488 988 2538 atque
1020 2487 1181 2527 Attalus
1210 2487 1258 2526 H
1288 2500 1334 2527 eo
1376 2492 1557 2540 tempore
1589 2505 1690 2530 non-

230 2554 324 2593 dum
353 2568 428 2594 rex
458 2559 555 2604 erat,
586 2558 632 2595 ut
660 2554 850 2595 Plautino
881 2554 969 2595 loco
999 2557 1236 2606 postulatur.
1296 2558 1403 2608 Ergo
1433 2558 1476 2597 in
1510 2561 1692 2600 Attalum

229 2623 253 2662 Ι
284 2637 422 2664 omnes
452 2639 517 2665 res
547 2639 629 2665 non
660 2625 877 2679 quadrant,
909 2635 1028 2679 quam
1065 2627 1115 2665 ob
1146 2640 1230 2665 rem
1262 2640 1468 2668 recurrere
1500 2631 1693 2673 debemus

230 2692 281 2730 ad
320 2693 443 2733 alium
473 2695 681 2745 Attalum,
723 2707 843 2748 quem
874 2708 956 2734 non
985 2695 1103 2735 flocci
1132 2696 1266 2736 facere
1296 2711 1371 2738 nos
1400 2699 1462 2739 fas
1489 2703 1570 2749 est,
1603 2715 1694 2741 cum
