1880 3245
831 176 1124 220 -20—

239 284 435 333 minasse,
480 284 587 337 quod
618 283 709 324 vult
738 282 943 323 Prellerus
956 314 966 332 ,
1009 284 1078 323 sed
1109 297 1183 335 pro
1216 282 1458 322 Graecorum
1490 282 1715 335 gryphibus

239 355 373 406 picum
411 354 603 394 Latinum
634 353 863 403 inseruisse,
896 366 977 407 qua
1018 353 1176 395 ratione
1206 367 1288 393 non
1334 353 1459 393 semel
1499 366 1595 393 usus
1641 355 1713 392 est.

242 424 409 464 Accedit
439 424 548 477 quod
564 425 642 464 hoc
671 423 760 463 loco
790 424 905 474 picus
925 437 1008 462 non
1038 424 1074 462 is
1105 427 1177 473 est,
1210 423 1280 476 qui
1301 424 1611 463 thensaurorum
1642 422 1714 461 ubi

241 494 295 534 sit
325 494 439 533 locus
470 494 582 543 sciat,
615 494 685 533 sed
716 493 785 546 qui
808 494 1071 533 thensaurum
1103 492 1302 533 custodiat
1331 506 1442 532 more
1474 492 1715 532 Graecorum

240 576 425 615 grypum.
480 562 599 605 Quod
628 563 708 601 iam
729 566 889 603 veteres
918 563 1223 611 intellexerunt,
1255 576 1347 601 nam
1369 563 1473 601 Non.
1495 575 1535 613 p.
1562 564 1642 600 152
1665 574 1718 600 ex

241 632 530 672 commentario
562 633 736 686 quodam
770 632 1004 672 Aululariae
1036 632 1211 683 profert:
1242 632 1361 672 Picos
1390 633 1550 672 veteres
1578 630 1717 672 volue-

241 705 338 742 runt
368 714 476 751 esse,
518 715 620 754 quos
652 702 793 741 Graeci
826 715 974 753 grypas
1004 702 1223 753 appellant.
1285 706 1326 741 et
1365 701 1426 740 illi
1456 713 1606 753 grypes
1634 713 1718 738 non

242 771 367 811 semel
397 771 701 822 coniunguntur
725 785 816 811 cum
841 772 973 812 aureis
1000 772 1217 812 montibus,
1243 772 1292 811 cf.
1319 771 1516 811 Herodot.
1544 770 1613 812 IV.
1642 772 1718 810 13:

237 837 448 893 Ἀριστέης
488 871 497 880 .
521 871 530 880 .
554 871 563 880 .
586 874 596 883 .
636 836 738 894 ὑπὲρ
764 837 1031 894 Ἀριμασπῶν
1072 871 1242 883 ......
1282 839 1410 881 οἰκεῖν
1451 836 1546 886 τούς
1576 850 1719 892 χρυσο-

243 906 429 960 φύλακας
459 912 633 964 γρῦπας.
677 912 727 952 cf.
757 914 969 962 praeterea
1008 911 1088 951 111.
1124 913 1219 950 116.
1264 914 1386 964 atque
1419 909 1645 962 Aeschylus
1675 909 1718 947 in

246 981 480 1020 Promethei
511 996 552 1022 v.
586 984 667 1020 805
700 981 887 1021 meminit
917 982 1109 1033 γρυπῶν;

489 1044 741 1101 ὄξυστόμους
770 1044 846 1102 γὰρ
882 1045 1017 1100 Ζηνός
1048 1046 1261 1103 ἆκλαγγεῖς
1290 1044 1416 1095 κύνας

489 1120 644 1173 γρῦπας
675 1115 864 1170 φύλαξαι,
889 1115 959 1159 τόν
990 1133 1030 1158 τε
1061 1120 1262 1170 μουνῶπα
1293 1114 1463 1171 στρατὸν

481 1184 736 1242 Ἀριμασπὸν
767 1183 1030 1240 ἱπποβάμον’,
1063 1188 1106 1228 οἳ
1135 1183 1412 1242 χρυσόρῤυτον

492 1256 678 1298 οἰκοῦσιν
708 1272 794 1312 eqs.

251 1329 400 1368 deinde
433 1329 588 1369 Ctesias
619 1330 725 1380 apud
757 1329 876 1370 Phot.
912 1329 978 1368 72.
1015 1332 1067 1368 69
1101 1328 1179 1381 (ed.
1210 1328 1360 1380 Bekk.)
1400 1332 1598 1368 memorat
1627 1328 1724 1381 γρῦ-

250 1413 352 1447 πας,
394 1399 465 1439 ubi
497 1395 590 1451 περὶ
631 1399 798 1451 γρυπῶν
841 1396 909 1438 καὶ
942 1394 1131 1451 ἀργυρῶν
1162 1395 1273 1451 ὀρῶν
1305 1398 1477 1438 disserit.
1539 1399 1725 1438 Ceterum

251 1469 360 1523 quod
382 1468 498 1522 quasi
530 1469 761 1520 exemplum
790 1469 929 1509 divitis
958 1468 1137 1508 hominis
1167 1468 1372 1520 profertur
1401 1481 1476 1507 rex
1498 1467 1725 1519 Philippus,

248 1539 290 1577 id
321 1539 522 1590 repetitur
550 1539 593 1578 in
628 1539 740 1579 Pers.
772 1542 877 1579 339:

463 1609 610 1649 mirum
644 1609 744 1662 quin
775 1609 883 1660 regis
913 1608 1096 1660 Philippi
1128 1622 1248 1649 causa
1277 1613 1348 1649 aut
1377 1609 1505 1649 Attali

462 1678 518 1718 Te
547 1679 684 1730 potius
704 1680 876 1719 vendam
908 1692 1027 1732 quam
1060 1691 1159 1727 mea,
1192 1670 1296 1732 quae
1327 1679 1382 1718 sis
1412 1691 1512 1717 mea.

369 1748 411 1787 Is
441 1751 576 1788 autem
597 1748 826 1800 Philippus,
859 1751 1055 1802 quantum
1087 1761 1160 1798 ego
1193 1749 1355 1801 quidem
1377 1749 1515 1789 videre
1546 1762 1721 1800 possum,

253 1822 340 1858 erat
383 1818 601 1869 Philippus
644 1819 835 1867 Macedo,
879 1823 995 1869 pater
1038 1818 1284 1867 Alexandri,
1329 1819 1398 1870 qui
1444 1818 1629 1872 quamvis
1673 1818 1723 1857 ab

257 1888 579 1927 Atheniensibus
599 1888 719 1927 modo
750 1888 944 1940 parvulus
974 1900 1049 1926 rex
1070 1888 1361 1938 aestimaretur,
1392 1891 1527 1928 tamen
1558 1891 1725 1942 propter

254 1957 419 1998 divitias
449 1960 571 1997 notus
601 1961 708 2006 erat,
750 1958 857 2010 quod
891 1957 1055 2007 colligas
1086 1957 1208 1997 velim
1240 1972 1292 1997 ex
1321 1958 1512 1997 Isocratis
1543 1956 1725 2008 Philippi

254 2039 315 2077 cp.
351 2029 387 2074 5,
437 2028 509 2066 15:
551 2021 656 2078 πρὸς
686 2022 730 2064 δὲ
773 2021 931 2072 τούτοις
975 2024 1042 2065 καὶ
1075 2027 1251 2066 πλοῦτον
1283 2024 1353 2066 καὶ
1384 2022 1556 2077 δύναμιν
1586 2040 1726 2077 κεκτη-

255 2093 397 2147 μένον,
441 2090 542 2147 3σην
573 2091 709 2143 οὐδεὶς
739 2096 821 2135 τῶν
849 2090 1060 2146 Ἑλλήνων,
1093 2090 1121 2135 δι’
1152 2091 1257 2147 μόνα
1287 2097 1366 2136 τῶν
1396 2092 1526 2135 ὄντων
1546 2094 1614 2135 καὶ
1643 2096 1728 2136 πεί-

255 2168 347 2204 θειν
387 2163 456 2204 καὶ
499 2162 713 2216 βιάζεσθαι
757 2162 951 2215 πέφυκεν.
1014 2166 1121 2216 Ergo
1163 2165 1242 2205 nisi
1286 2166 1422 2205 omnia
1463 2180 1527 2205 me
1569 2167 1728 2216 fallunt,

255 2238 367 2275 totus
396 2236 509 2275 locus
540 2236 754 2276 Plautinus
784 2236 942 2276 redolet
972 2235 1165 2275 Graecam
1198 2235 1413 2275 officinam.

377 2374 666 2414 Asinariae
706 2389 744 2415 v.
789 2378 871 2414 405
919 2376 1101 2415 Libanus
1143 2375 1356 2415 mercatori
1410 2377 1621 2429 quaeranti
1664 2377 1731 2415 de-

261 2445 441 2485 scribens
470 2444 689 2484 atriensem
720 2445 853 2484 subito
886 2444 1096 2493 exclamat,
1130 2457 1219 2483 cum
1250 2444 1439 2485 Sauream
1470 2447 1593 2487 vidit:

321 2518 459 2567 Atque
488 2514 628 2553 hercle
658 2514 791 2564 ipsum
823 2515 921 2553 adeo
954 2518 1170 2562 contueor,
1217 2516 1387 2555 cassanti
1420 2516 1551 2567 capite
1581 2517 1734 2556 incedit

323 2584 518 2636 Quisquis
550 2583 711 2624 obviam
741 2583 838 2622 huic
868 2583 1083 2623 occesserit
1112 2583 1229 2632 irato,
1259 2585 1483 2636 vapulabit.

266 2654 340 2692 Cui
371 2656 590 2692 mercator:
635 2653 676 2691 Si
710 2653 872 2706 quidem
916 2653 1050 2692 hercle
1095 2652 1326 2693 Aeacidinis
1357 2655 1478 2694 minis
1507 2656 1733 2710 animisque

266 2723 453 2774 expletus
483 2723 601 2773 cedit,
