1880 3245
796 188 1087 232 -41-

267 296 371 335 Nam
392 308 481 335 eum
501 295 629 345 leone,
651 309 742 336 eum
763 298 940 345 excetra,
973 308 1062 336 oum
1085 307 1216 344 servo,
1250 308 1338 335 eum
1360 308 1458 347 apro
1482 293 1680 343 Aetolico,

266 366 366 406 Cum
396 365 539 406 avibus
568 355 867 419 Stymphalicis,
898 379 988 405 oum
1010 367 1167 405 Antaeo
1199 365 1394 405 deluotari
1425 365 1561 414 malui,

206 435 339 481 Quam
375 448 465 475 oum
496 449 643 476 amore.
689 434 780 478 Qua
808 435 853 474 in
883 448 927 475 re
957 435 1035 475 hoo
1055 449 1138 475 non
1151 460 1154 463 >
1168 434 1572 487 praetermittendum
1603 436 1677 483 est,

207 506 314 546 forte
332 505 496 546 fortuna
520 506 589 547 vel
608 504 839 557 ignorantia
860 504 995 546 Plauti
1025 519 1100 558 pro
1126 505 1418 559 Erymanthieo
1441 518 1539 556 apro
1563 504 1677 544 illum

209 575 439 615 Aetolicum
469 575 666 615 insertum
690 587 799 624 esse;
832 574 977 615 deinde
1008 588 1080 614 suo
1111 575 1199 615 iure
1220 574 1493 625 Kiesslingius
1517 575 1595 613 hoo
1625 587 1678 613 ex

207 645 297 686 loeo
338 633 530 696 eonieeit,
576 658 790 686 numerum
822 657 1103 686 aerumnarum
1134 646 1340 686 redactum
1384 657 1473 685 esse
1512 645 1563 684 ad
1605 657 1679 684 sex

207 727 423 755 aerumnas
454 716 626 755 fortasse
656 728 681 754 a
711 715 856 755 Plauto
887 714 989 766 ipso,
1020 727 1113 754 nam
1145 729 1217 755 cur
1246 715 1345 755 dicit
1373 718 1495 767 poeta
1524 717 1678 754 ‘omnes

208 781 443 834 aerumnas'‚
486 798 574 825 eum
617 797 661 824 re
703 797 802 825 vera
842 784 961 824 modo
1000 797 1073 825 sex
1113 784 1321 837 proferat?
1372 784 1490 828 Quod
1530 784 1679 825 attinet

206 854 258 894 ad
295 854 475 895 ordinem
506 867 811 904 aerumnarum,
854 854 994 907 negari
1036 868 1118 895 non
1165 858 1325 908 potest,
1363 854 1477 894 illum
1509 857 1551 895 et
1582 868 1676 894 con-

207 924 358 965 sentire
388 938 478 964 eum
500 925 687 965 omnibus
709 925 1083 966 enumerationibus
1105 926 1223 965 modo
1245 928 1362 966 sexta
1382 938 1576 965 aerumna
1605 938 1676 964 ex-

207 997 337 1046 cepta,
369 1007 460 1035 nam
491 995 569 1035 hoe
591 995 679 1035 loeo
701 994 851 1035 Antaei
881 995 1082 1047 proelium
1112 995 1310 1035 laudatur.
1358 996 1436 1035 Sed
1469 995 1539 1049 qui
1569 996 1677 1034 hanc

208 1065 552 1105 enumerationem
593 1065 710 1114 feeit,
752 1078 834 1105 non
876 1065 1005 1106 solum
1048 1055 1155 1104 ἆθλα
1195 1065 1385 1106 Herculis
1428 1065 1563 1114 novit,
1606 1064 1675 1103 sed

208 1135 327 1174 etiam
358 1134 469 1175 illius
498 1148 689 1186 parerga,
732 1136 840 1189 quod
877 1138 1048 1186 apparet
1077 1149 1130 1174 ex
1161 1135 1317 1175 adiecta
1346 1148 1484 1187 pugna
1515 1134 1674 1183 Antaei,

207 1217 311 1258 quae
348 1203 513 1244 minime
552 1204 596 1244 in
636 1218 803 1244 numero
845 1198 985 1243 ἄθλων
1022 1205 1209 1244 habenda
1252 1209 1325 1245 est.
1386 1207 1522 1258 Atque
1552 1204 1674 1244 talem

205 1273 392 1313 notitiam
441 1273 635 1315 historiae
688 1273 881 1313 fabularis
934 1274 1177 1314 Graecorum
1211 1275 1417 1314 Plautum
1470 1274 1672 1322 habuisse,

207 1357 326 1384 nemo
362 1348 425 1385 est
465 1344 535 1399 qui
567 1334 724 1396 putet,¹
750 1357 846 1396 ergo
878 1344 999 1385 etiam
1029 1345 1107 1385 hoo
1136 1345 1395 1385 tribuendum
1427 1349 1490 1386 est
1519 1344 1672 1385 Graeco

208 1414 442 1465 exemplari.
502 1414 650 1454 Antaei
670 1428 767 1455 vero
787 1427 963 1466 pugnam
989 1415 1307 1454 Atheniensibus
1338 1419 1475 1455 notam
1506 1414 1673 1463 colligas

207 1496 261 1522 ex
290 1483 537 1524 ornamentis
559 1483 703 1524 Thesei
733 1483 888 1535 templi,
919 1483 963 1522 in
995 1483 1142 1537 quibus
1171 1484 1373 1535 proelium
1402 1498 1492 1524 eum
1513 1486 1671 1523 Antaeo

205 1553 460 1593 commissum
491 1553 643 1605 pictum
677 1566 764 1593 esse
797 1553 967 1603 seimus,
999 1555 1107 1607 quod
1142 1562 1351 1606 oppugnat
1381 1554 1671 1603 Overbeckius‚

207 1623 277 1675 qui
306 1622 378 1662 illo
417 1623 507 1662 loeo
538 1636 716 1674 pugnam
762 1637 852 1664 eum
883 1622 1071 1676 Geryone
1101 1627 1419 1675 representatam
1450 1637 1537 1664 esse
1565 1624 1671 1664 veri-

205 1693 378 1732 similius
420 1696 595 1733 censeat.
656 1693 844 1746 Denique
882 1693 1106 1733 Pausanias
1136 1693 1212 1733 IX.
1251 1697 1312 1743 1'1,
1345 1698 1371 1733 4
1416 1694 1552 1734 nescio
1591 1708 1672 1748 quo

204 1776 258 1801 ex
286 1762 412 1811 fonte,
444 1775 534 1802 oum
564 1762 614 1801 de
644 1762 833 1801 Herculis
863 1762 1014 1813 templo
1036 1762 1227 1802 Thebano
1259 1764 1385 1804 verba
1413 1764 1523 1813 facit,
1555 1764 1672 1803 dicit:

207 1831 406 1883 Θηβαίοις
435 1828 479 1871 δὲ
508 1828 557 1871 τοὶ
589 1830 631 1872 ἐν
662 1834 746 1879 τοῖς
776 1826 907 1879 ἀετοῖς
942 1830 1187 1886 Πραξιτέλης
1222 1831 1411 1885 ἐποίησεν
1452 1829 1501 1872 τοὶ
1543 1828 1672 1873 πόλλα

204 1902 284 1942 τῶν
314 1897 473 1941 δώδεκα
503 1899 760 1953 καλουμένων
791 1897 952 1942 ἄθλων·
999 1901 1069 1941 καί
1099 1913 1214 1952 σφισι
1244 1899 1292 1941 τά
1323 1901 1365 1950 ἐς
1395 1898 1467 1950 τὰς
1496 1898 1670 1956 ὄρνιθας

205 1969 314 2011 ἐνδεῖ
339 1966 411 2019 τοὶς
441 1969 507 2012 ἐπὶ
529 1968 765 2027 Στυμφάλῳ
796 1969 865 2012 καὶ
887 1966 941 2020 ὥς
966 1967 1169 2026 ἐκάθηρεν
1197 1966 1393 2026 Ἡρακλῆς
1414 1967 1487 2025 τὴν
1510 1968 1673 2012 Ἠλείαν

203 2037 348 2094 χώραν.
381 2036 469 2080 ἀντὶ
492 2038 647 2082 τούτων
672 2038 715 2081 δὲ
735 2036 763 2093 ἦ
783 2037 887 2095 πρὸς
913 2038 1102 2081 Ἀνταῖον
1131 2039 1238 2093 πάλη
1271 2038 1498 2093 πεποίηται.
1562 2044 1669 2093 Ergo

205 2125 295 2151 oum
325 2112 425 2151 haee
446 2125 638 2152 aerumna
669 2112 937 2163 coniungatur
958 2126 1047 2152 eum
1079 2113 1231 2153 artifice
1254 2113 1495 2153 Atheniensi
1521 2113 1669 2152 saeculi

204 2181 350 2234 quarti,
381 2181 547 2221 dubium
569 2194 656 2222 esse
687 2195 769 2221 non
799 2185 947 2233 potest,
978 2183 1078 2235 quin
1108 2182 1180 2221 illa
1199 2186 1281 2222 tum
1314 2182 1356 2220 in
1389 2195 1458 2221 ore
1489 2182 1670 2221 omnium

201 2250 339 2291 fuerit.

319 2320 477 2360 Deinde
507 2321 551 2361 in
572 2334 694 2362 versu
717 2325 771 2361 24
803 2321 970 2362 Toxilus
1000 2323 1205 2374 professus
1235 2335 1277 2361 se
1309 2321 1486 2361 saucium
1518 2322 1671 2362 factum

203 2403 291 2431 esse
311 2391 355 2430 in
377 2391 548 2433 Veneris
568 2392 735 2444 proelio,
769 2393 1014 2447 quaeritanti
1038 2392 1313 2444 Sagaristioni‚
1336 2396 1525 2433 amentne
1546 2393 1667 2440 servi,

202 2461 259 2501 sie
288 2462 526 2513 respondet:

289 2530 396 2574 Quid
427 2546 502 2583 ego
532 2532 706 2573 faciam?
738 2533 879 2573 deisne
910 2534 1101 2574 advorser
1131 2534 1247 2586 quasi
1279 2533 1448 2574 Titani?
1480 2547 1570 2573 eum

1107 2603 1165 2641 eis
1192 2602 1457 2653 belligerem?

289 2670 447 2715 Quibus
475 2675 539 2713 sat
567 2685 654 2713 esse
684 2686 766 2713 non
796 2671 970 2727 queam?

201 2742 267 2782 Ad
295 2754 473 2793 pugnam
503 2743 669 2783 deorum
706 2756 797 2783 eum
826 2742 989 2792 titanis,
1032 2756 1153 2796 quam
1182 2744 1226 2783 hi
1257 2757 1400 2785 versus
1429 2744 1667 2797 respiciunt,
