<?xml version="1.0" encoding="UTF-8"?>
<!DOCTYPE html PUBLIC "-//W3C//DTD XHTML 1.0 Transitional//EN"
    "http://www.w3.org/TR/xhtml1/DTD/xhtml1-transitional.dtd">
<html xmlns="http://www.w3.org/1999/xhtml" xml:lang="en" lang="en">
 <head>
  <title>
</title>
<meta http-equiv="Content-Type" content="text/html;charset=utf-8" />
  <meta name='ocr-system' content='tesseract 3.04.00' />
  <meta name='ocr-capabilities' content='ocr_page ocr_carea ocr_par ocr_line ocrx_word'/>
</head>
<body>
  <div class='ocr_page' id='page_1' title='image "4737190_0053.png"; bbox 0 0 1880 3245; ppageno 0'>
   <div class='ocr_carea' id='block_1_1' title="bbox 731 170 1024 215">
    <p class='ocr_par' dir='ltr' id='par_1_1' title="bbox 731 170 1024 215">
     <span class='ocr_line' id='line_1_1' title="bbox 731 170 1024 215; baseline -0.003 -12"><span class='ocrx_word' id='word_1_1' title='bbox 731 170 1024 215; x_wconf 76' lang='lat'><strong>-43—</strong></span> 
     </span>
    </p>
   </div>
   <div class='ocr_carea' id='block_1_2' title="bbox 195 271 1538 412">
    <p class='ocr_par' dir='ltr' id='par_1_2' title="bbox 195 271 1538 412">
     <span class='ocr_line' id='line_1_2' title="bbox 203 271 1409 332; baseline -0.002 -15"><span class='ocrx_word' id='word_1_2' title='bbox 203 275 369 332; x_wconf 59' lang='lat' dir='ltr'><strong>§apina</strong></span> <span class='ocrx_word' id='word_1_3' title='bbox 402 274 590 329; x_wconf 75' lang='grc' dir='ltr'><strong><em>Θηβαῖαν</em></strong></span> <span class='ocrx_word' id='word_1_4' title='bbox 616 273 663 317; x_wconf 72' lang='grc' dir='ltr'><strong>δὲ</strong></span> <span class='ocrx_word' id='word_1_5' title='bbox 693 273 829 325; x_wconf 68' lang='grc' dir='ltr'><strong><em>πόσας</em></strong></span> <span class='ocrx_word' id='word_1_6' title='bbox 857 274 942 318; x_wconf 70' lang='grc' dir='ltr'><strong>ἔστι</strong></span> <span class='ocrx_word' id='word_1_7' title='bbox 971 271 1043 324; x_wconf 72' lang='grc' dir='ltr'><strong>τὰς</strong></span> <span class='ocrx_word' id='word_1_8' title='bbox 1073 272 1232 330; x_wconf 70' lang='grc' dir='ltr'><strong><em>πόρνας</em></strong></span> <span class='ocrx_word' id='word_1_9' title='bbox 1261 277 1409 317; x_wconf 76' lang='grc' dir='ltr'><strong><em>καλεῖν.</em></strong></span> 
     </span>
     <span class='ocr_line' id='line_1_3' title="bbox 195 339 1538 412; baseline 0 -26"><span class='ocrx_word' id='word_1_10' title='bbox 195 339 287 403; x_wconf 40' lang='grc' dir='ltr'><strong>,εἷθῖ</strong></span> <span class='ocrx_word' id='word_1_11' title='bbox 314 340 341 387; x_wconf 76' lang='grc' dir='ltr'><em>ὅ</em></span> <span class='ocrx_word' id='word_1_12' title='bbox 369 342 442 398; x_wconf 63' lang='grc' dir='ltr'><strong>μὲν</strong></span> <span class='ocrx_word' id='word_1_13' title='bbox 472 348 594 401; x_wconf 79' lang='grc' dir='ltr'><strong><em>γνοῧς</em></strong></span> <span class='ocrx_word' id='word_1_14' title='bbox 623 341 733 387; x_wconf 79' lang='grc' dir='ltr'><strong><em>ταῦτ’</em></strong></span> <span class='ocrx_word' id='word_1_15' title='bbox 764 342 956 412; x_wconf 59' lang='grc' dir='ltr'><strong><em>ἀπῆλθεν</em></strong></span> <span class='ocrx_word' id='word_1_16' title='bbox 993 341 1125 394; x_wconf 69' lang='grc' dir='ltr'><strong><em>εὖθΰς</em></strong></span> <span class='ocrx_word' id='word_1_17' title='bbox 1156 341 1294 400; x_wconf 65' lang='grc' dir='ltr'><strong><em>ὥσπερ</em></strong></span> <span class='ocrx_word' id='word_1_18' title='bbox 1329 345 1538 394; x_wconf 74' lang='grc' dir='ltr'><strong><em>Οἰδίπους.</em></strong></span> 
     </span>
    </p>
   </div>
   <div class='ocr_carea' id='block_1_3' title="bbox 114 486 1615 2630">
    <p class='ocr_par' dir='ltr' id='par_1_3' title="bbox 260 486 1615 538">
     <span class='ocr_line' id='line_1_4' title="bbox 260 486 1615 538; baseline -0.001 -13"><span class='ocrx_word' id='word_1_19' title='bbox 260 487 313 525; x_wconf 85' lang='lat' dir='ltr'><strong>In</strong></span> <span class='ocrx_word' id='word_1_20' title='bbox 342 486 605 527; x_wconf 89' lang='lat' dir='ltr'><strong>Pseudoli</strong></span> <span class='ocrx_word' id='word_1_21' title='bbox 636 500 756 527; x_wconf 81' lang='lat' dir='ltr'><strong>versu</strong></span> <span class='ocrx_word' id='word_1_22' title='bbox 789 489 899 527; x_wconf 77' lang='lat'><strong>1063</strong></span> <span class='ocrx_word' id='word_1_23' title='bbox 930 487 1042 526; x_wconf 84' lang='lat' dir='ltr'><strong>Simo</strong></span> <span class='ocrx_word' id='word_1_24' title='bbox 1072 488 1335 538; x_wconf 78' lang='lat' dir='ltr'><strong>percontatur</strong></span> <span class='ocrx_word' id='word_1_25' title='bbox 1364 499 1460 524; x_wconf 89' lang='lat' dir='ltr'><strong>num</strong></span> <span class='ocrx_word' id='word_1_26' title='bbox 1491 486 1615 524; x_wconf 88' lang='lat' dir='ltr'><strong>Pseu-</strong></span> 
     </span>
    </p>

    <p class='ocr_par' dir='ltr' id='par_1_4' title="bbox 143 554 1614 1097">
     <span class='ocr_line' id='line_1_5' title="bbox 145 554 1518 608; baseline -0.001 -12"><span class='ocrx_word' id='word_1_27' title='bbox 145 555 274 606; x_wconf 88' lang='lat' dir='ltr'><strong>dolus,</strong></span> <span class='ocrx_word' id='word_1_28' title='bbox 304 555 410 596; x_wconf 86' lang='lat' dir='ltr'><strong>siout</strong></span> <span class='ocrx_word' id='word_1_29' title='bbox 437 556 690 608; x_wconf 74' lang='lat' dir='ltr'><strong>promiserat,</strong></span> <span class='ocrx_word' id='word_1_30' title='bbox 721 555 899 608; x_wconf 87' lang='lat' dir='ltr'><strong>puellam</strong></span> <span class='ocrx_word' id='word_1_31' title='bbox 930 554 1107 596; x_wconf 88' lang='lat' dir='ltr'><strong>Ballioni</strong></span> <span class='ocrx_word' id='word_1_32' title='bbox 1137 555 1275 596; x_wconf 89' lang='lat' dir='ltr'><strong>lenoni</strong></span> <span class='ocrx_word' id='word_1_33' title='bbox 1304 554 1518 606; x_wconf 86' lang='lat' dir='ltr'><strong>eripuerit:</strong></span> 
     </span>
     <span class='ocr_line' id='line_1_6' title="bbox 309 624 1256 680; baseline 0 -15"><span class='ocrx_word' id='word_1_34' title='bbox 309 624 315 628; x_wconf 76' lang='grc'><em>’</em></span> <span class='ocrx_word' id='word_1_35' title='bbox 355 624 474 665; x_wconf 83' lang='lat' dir='ltr'><strong>Visso</strong></span> <span class='ocrx_word' id='word_1_36' title='bbox 505 625 604 680; x_wconf 87' lang='lat' dir='ltr'><strong>quid</strong></span> <span class='ocrx_word' id='word_1_37' title='bbox 633 638 769 666; x_wconf 87' lang='lat' dir='ltr'><strong>rerum</strong></span> <span class='ocrx_word' id='word_1_38' title='bbox 799 639 913 667; x_wconf 84' lang='lat' dir='ltr'><strong>meus</strong></span> <span class='ocrx_word' id='word_1_39' title='bbox 941 625 1086 666; x_wconf 85' lang='lat' dir='ltr'><strong>Ulixes</strong></span> <span class='ocrx_word' id='word_1_40' title='bbox 1116 626 1256 676; x_wconf 86' lang='lat' dir='ltr'><strong>egerit,</strong></span> 
     </span>
     <span class='ocr_line' id='line_1_7' title="bbox 349 695 1310 747; baseline 0 -12"><span class='ocrx_word' id='word_1_41' title='bbox 349 695 495 735; x_wconf 86' lang='lat' dir='ltr'><strong>-Iamne</strong></span> <span class='ocrx_word' id='word_1_42' title='bbox 524 695 673 736; x_wconf 83' lang='lat' dir='ltr'><strong>habeat</strong></span> <span class='ocrx_word' id='word_1_43' title='bbox 702 695 864 747; x_wconf 79' lang='lat' dir='ltr'><strong>signum</strong></span> <span class='ocrx_word' id='word_1_44' title='bbox 892 708 947 735; x_wconf 86' lang='lat' dir='ltr'><strong>ex</strong></span> <span class='ocrx_word' id='word_1_45' title='bbox 976 708 1068 736; x_wconf 85' lang='lat' dir='ltr'><strong>aree</strong></span> <span class='ocrx_word' id='word_1_46' title='bbox 1098 695 1310 736; x_wconf 82' lang='lat' dir='ltr'><strong>Ballionia.</strong></span> 
     </span>
     <span class='ocr_line' id='line_1_8' title="bbox 146 764 1614 817; baseline -0.004 -9"><span class='ocrx_word' id='word_1_47' title='bbox 146 764 266 808; x_wconf 79' lang='lat' dir='ltr'><strong>Quod</strong></span> <span class='ocrx_word' id='word_1_48' title='bbox 311 767 468 817; x_wconf 71' lang='lat' dir='ltr'><strong>spectat</strong></span> <span class='ocrx_word' id='word_1_49' title='bbox 507 765 559 804; x_wconf 92' lang='lat' dir='ltr'><strong>ad</strong></span> <span class='ocrx_word' id='word_1_50' title='bbox 601 765 826 805; x_wconf 84' lang='lat' dir='ltr'><strong>Palladium</strong></span> <span class='ocrx_word' id='word_1_51' title='bbox 868 778 921 804; x_wconf 87' lang='lat' dir='ltr'><strong>ex</strong></span> <span class='ocrx_word' id='word_1_52' title='bbox 965 778 1058 805; x_wconf 82' lang='lat' dir='ltr'><strong>aree</strong></span> <span class='ocrx_word' id='word_1_53' title='bbox 1097 764 1241 805; x_wconf 78' lang='lat' dir='ltr'><strong>Troiae</strong></span> <span class='ocrx_word' id='word_1_54' title='bbox 1283 766 1520 816; x_wconf 88' lang='lat' dir='ltr'><strong>subreptum</strong></span> <span class='ocrx_word' id='word_1_55' title='bbox 1563 764 1614 803; x_wconf 87' lang='lat' dir='ltr'><strong>ab</strong></span> 
     </span>
     <span class='ocr_line' id='line_1_9' title="bbox 143 834 1614 885; baseline -0.001 -11"><span class='ocrx_word' id='word_1_56' title='bbox 143 834 270 874; x_wconf 87' lang='lat' dir='ltr'><strong>Ulixe</strong></span> <span class='ocrx_word' id='word_1_57' title='bbox 305 838 349 874; x_wconf 86' lang='lat' dir='ltr'><strong>et</strong></span> <span class='ocrx_word' id='word_1_58' title='bbox 389 834 600 875; x_wconf 81' lang='lat' dir='ltr'><strong>Diomede.</strong></span> <span class='ocrx_word' id='word_1_59' title='bbox 670 834 720 875; x_wconf 85' lang='lat' dir='ltr'><strong>ad</strong></span> <span class='ocrx_word' id='word_1_60' title='bbox 761 836 929 875; x_wconf 84' lang='lat' dir='ltr'><strong>eandem</strong></span> <span class='ocrx_word' id='word_1_61' title='bbox 971 848 1057 875; x_wconf 86' lang='lat' dir='ltr'><strong>rem</strong></span> <span class='ocrx_word' id='word_1_62' title='bbox 1101 834 1206 874; x_wconf 87' lang='lat' dir='ltr'><strong>ludit</strong></span> <span class='ocrx_word' id='word_1_63' title='bbox 1248 834 1456 885; x_wconf 81' lang='lat' dir='ltr'><strong>Aristoph.</strong></span> <span class='ocrx_word' id='word_1_64' title='bbox 1500 846 1614 884; x_wconf 83' lang='lat' dir='ltr'><strong>vesp.</strong></span> 
     </span>
     <span class='ocr_line' id='line_1_10' title="bbox 146 906 366 957; baseline -0.005 -13"><span class='ocrx_word' id='word_1_65' title='bbox 146 906 229 944; x_wconf 84' lang='lat'><strong>350</strong></span> <span class='ocrx_word' id='word_1_66' title='bbox 260 917 366 957; x_wconf 90' lang='lat' dir='ltr'><strong>eqs.:</strong></span> 
     </span>
     <span class='ocr_line' id='line_1_11' title="bbox 202 966 1503 1025; baseline 0 -13"><span class='ocrx_word' id='word_1_67' title='bbox 202 970 310 1012; x_wconf 82' lang='grc' dir='ltr'><strong><em>ἔστιν</em></strong></span> <span class='ocrx_word' id='word_1_68' title='bbox 339 966 423 1024; x_wconf 77' lang='grc' dir='ltr'><strong>σ’πὴ</strong></span> <span class='ocrx_word' id='word_1_69' title='bbox 454 970 541 1024; x_wconf 83' lang='grc' dir='ltr'><strong>δῆθ</strong></span> <span class='ocrx_word' id='word_1_70' title='bbox 570 968 693 1024; x_wconf 77' lang='grc' dir='ltr'><strong><em>ἥντιν’</em></strong></span> <span class='ocrx_word' id='word_1_71' title='bbox 731 967 779 1013; x_wconf 70' lang='grc' dir='ltr'><strong>ἃν</strong></span> <span class='ocrx_word' id='word_1_72' title='bbox 809 970 982 1014; x_wconf 76' lang='grc' dir='ltr'><strong><em>ἔνδοθεν</em></strong></span> <span class='ocrx_word' id='word_1_73' title='bbox 1012 967 1100 1021; x_wconf 84' lang='grc' dir='ltr'><em>οἷος</em></span> <span class='ocrx_word' id='word_1_74' title='bbox 1129 969 1166 1012; x_wconf 89' lang='grc' dir='ltr'><strong>τ’</strong></span> <span class='ocrx_word' id='word_1_75' title='bbox 1202 971 1288 1024; x_wconf 74' lang='grc' dir='ltr'><strong><em>εἴης</em></strong></span> <span class='ocrx_word' id='word_1_76' title='bbox 1318 968 1503 1025; x_wconf 75' lang='grc' dir='ltr'><strong><em>διορύξαι</em></strong></span> 
     </span>
     <span class='ocr_line' id='line_1_12' title="bbox 201 1035 1559 1097; baseline 0.001 -16"><span class='ocrx_word' id='word_1_77' title='bbox 201 1035 272 1081; x_wconf 74' lang='grc' dir='ltr'><strong><em>εἶτ’</em></strong></span> <span class='ocrx_word' id='word_1_78' title='bbox 309 1039 473 1082; x_wconf 60' lang='lat' dir='ltr'><strong>§naevus</strong></span> <span class='ocrx_word' id='word_1_79' title='bbox 493 1039 658 1095; x_wconf 70' lang='grc' dir='ltr'><strong><em>ῥάκεσιν</em></strong></span> <span class='ocrx_word' id='word_1_80' title='bbox 678 1040 896 1097; x_wconf 73' lang='grc' dir='ltr'><strong><em>κρυφθεὶς,</em></strong></span> <span class='ocrx_word' id='word_1_81' title='bbox 931 1038 1066 1096; x_wconf 68' lang='grc' dir='ltr'><strong><em>ὥσπερ</em></strong></span> <span class='ocrx_word' id='word_1_82' title='bbox 1085 1038 1310 1094; x_wconf 77' lang='grc' dir='ltr'><strong><em>πολύμητις</em></strong></span> <span class='ocrx_word' id='word_1_83' title='bbox 1328 1036 1559 1088; x_wconf 71' lang='grc' dir='ltr'><strong><em>Ὀδυσσεύς.</em></strong></span> 
     </span>
    </p>

    <p class='ocr_par' dir='ltr' id='par_1_5' title="bbox 144 1111 1555 1165">
     <span class='ocr_line' id='line_1_13' title="bbox 144 1111 1555 1165; baseline -0.001 -10"><span class='ocrx_word' id='word_1_84' title='bbox 144 1111 328 1156; x_wconf 75' lang='lat' dir='ltr'><strong>Quocum</strong></span> <span class='ocrx_word' id='word_1_85' title='bbox 360 1113 448 1153; x_wconf 83' lang='lat' dir='ltr'><strong>loeo</strong></span> <span class='ocrx_word' id='word_1_86' title='bbox 480 1112 785 1165; x_wconf 76' lang='lat' dir='ltr'><strong>coniungendas</strong></span> <span class='ocrx_word' id='word_1_87' title='bbox 815 1117 879 1155; x_wconf 90' lang='lat' dir='ltr'><strong>est</strong></span> <span class='ocrx_word' id='word_1_88' title='bbox 906 1127 1050 1155; x_wconf 84' lang='lat' dir='ltr'><strong>versus</strong></span> <span class='ocrx_word' id='word_1_89' title='bbox 1083 1117 1192 1153; x_wconf 85' lang='lat'>1244</span> <span class='ocrx_word' id='word_1_90' title='bbox 1221 1113 1344 1154; x_wconf 83' lang='lat' dir='ltr'><strong>huius</strong></span> <span class='ocrx_word' id='word_1_91' title='bbox 1373 1113 1555 1153; x_wconf 82' lang='lat' dir='ltr'><strong>fabulae:</strong></span> 
     </span>
    </p>

    <p class='ocr_par' dir='ltr' id='par_1_6' title="bbox 114 1181 1614 2630">
     <span class='ocr_line' id='line_1_14' title="bbox 256 1181 1614 1238; baseline -0.001 -16"><span class='ocrx_word' id='word_1_92' title='bbox 256 1182 474 1234; x_wconf 81' lang='lat' dir='ltr'><strong>Superavit</strong></span> <span class='ocrx_word' id='word_1_93' title='bbox 498 1183 633 1223; x_wconf 89' lang='lat' dir='ltr'><strong>dolum</strong></span> <span class='ocrx_word' id='word_1_94' title='bbox 654 1183 873 1223; x_wconf 76' lang='lat' dir='ltr'><strong>Troianum</strong></span> <span class='ocrx_word' id='word_1_95' title='bbox 894 1187 1017 1238; x_wconf 87' lang='lat' dir='ltr'><strong>atque</strong></span> <span class='ocrx_word' id='word_1_96' title='bbox 1039 1184 1204 1224; x_wconf 87' lang='lat' dir='ltr'><strong>Ulixem</strong></span> <span class='ocrx_word' id='word_1_97' title='bbox 1221 1183 1458 1224; x_wconf 78' lang='lat' dir='ltr'><strong>Pseudolus.</strong></span> <span class='ocrx_word' id='word_1_98' title='bbox 1501 1181 1614 1225; x_wconf 80' lang='lat' dir='ltr'><strong>Quo-</strong></span> 
     </span>
     <span class='ocr_line' id='line_1_15' title="bbox 143 1251 1613 1304; baseline 0 -12"><span class='ocrx_word' id='word_1_99' title='bbox 143 1252 255 1292; x_wconf 83' lang='lat' dir='ltr'><strong>niam</strong></span> <span class='ocrx_word' id='word_1_100' title='bbox 284 1251 428 1292; x_wconf 81' lang='lat' dir='ltr'><strong>Ulixes</strong></span> <span class='ocrx_word' id='word_1_101' title='bbox 459 1252 720 1304; x_wconf 79' lang='lat' dir='ltr'><strong>coniungitur</strong></span> <span class='ocrx_word' id='word_1_102' title='bbox 750 1267 839 1293; x_wconf 88' lang='lat' dir='ltr'><strong>oum</strong></span> <span class='ocrx_word' id='word_1_103' title='bbox 872 1253 964 1294; x_wconf 92' lang='lat' dir='ltr'><strong>dolo</strong></span> <span class='ocrx_word' id='word_1_104' title='bbox 994 1253 1188 1303; x_wconf 81' lang='lat' dir='ltr'><strong>Troiano,</strong></span> <span class='ocrx_word' id='word_1_105' title='bbox 1219 1254 1298 1293; x_wconf 83' lang='lat' dir='ltr'><strong>hoe</strong></span> <span class='ocrx_word' id='word_1_106' title='bbox 1328 1255 1511 1304; x_wconf 77' lang='lat' dir='ltr'><strong>spectare</strong></span> <span class='ocrx_word' id='word_1_107' title='bbox 1541 1265 1613 1303; x_wconf 89' lang='lat' dir='ltr'><strong>po-</strong></span> 
     </span>
     <span class='ocr_line' id='line_1_16' title="bbox 142 1321 1614 1377; baseline -0.002 -14"><span class='ocrx_word' id='word_1_108' title='bbox 142 1324 240 1363; x_wconf 38' lang='lat' dir='ltr'><strong>test&lt;</strong></span> <span class='ocrx_word' id='word_1_109' title='bbox 265 1324 336 1361; x_wconf 87' lang='lat' dir='ltr'><strong>aut</strong></span> <span class='ocrx_word' id='word_1_110' title='bbox 375 1322 426 1361; x_wconf 88' lang='lat' dir='ltr'><strong>ad</strong></span> <span class='ocrx_word' id='word_1_111' title='bbox 466 1321 693 1362; x_wconf 80' lang='lat' dir='ltr'><strong>Palladium</strong></span> <span class='ocrx_word' id='word_1_112' title='bbox 744 1327 904 1375; x_wconf 85' lang='lat' dir='ltr'><strong>raptum</strong></span> <span class='ocrx_word' id='word_1_113' title='bbox 947 1345 1001 1352; x_wconf 96' lang='lat'><strong>—</strong></span> <span class='ocrx_word' id='word_1_114' title='bbox 1044 1326 1167 1377; x_wconf 86' lang='lat' dir='ltr'><strong>atque</strong></span> <span class='ocrx_word' id='word_1_115' title='bbox 1206 1323 1285 1363; x_wconf 86' lang='lat' dir='ltr'><strong>hoe</strong></span> <span class='ocrx_word' id='word_1_116' title='bbox 1324 1322 1401 1363; x_wconf 90' lang='lat' dir='ltr'><strong>tibi</strong></span> <span class='ocrx_word' id='word_1_117' title='bbox 1441 1322 1614 1361; x_wconf 86' lang='lat' dir='ltr'><strong>fortasse</strong></span> 
     </span>
     <span class='ocr_line' id='line_1_17' title="bbox 142 1391 1611 1445; baseline -0.001 -13"><span class='ocrx_word' id='word_1_118' title='bbox 142 1394 297 1432; x_wconf 80' lang='lat' dir='ltr'><strong>rectum</strong></span> <span class='ocrx_word' id='word_1_119' title='bbox 318 1404 406 1432; x_wconf 88' lang='lat' dir='ltr'><strong>esse</strong></span> <span class='ocrx_word' id='word_1_120' title='bbox 425 1391 599 1442; x_wconf 81' lang='lat' dir='ltr'><strong>videtur,</strong></span> <span class='ocrx_word' id='word_1_121' title='bbox 631 1406 722 1433; x_wconf 86' lang='lat' dir='ltr'><strong>eum</strong></span> <span class='ocrx_word' id='word_1_122' title='bbox 751 1393 795 1432; x_wconf 94' lang='lat' dir='ltr'><strong>in</strong></span> <span class='ocrx_word' id='word_1_123' title='bbox 816 1406 937 1434; x_wconf 79' lang='lat' dir='ltr'><strong>soene</strong></span> <span class='ocrx_word' id='word_1_124' title='bbox 955 1393 1091 1445; x_wconf 89' lang='lat' dir='ltr'><strong>priore</strong></span> <span class='ocrx_word' id='word_1_125' title='bbox 1113 1393 1162 1433; x_wconf 89' lang='lat' dir='ltr'><strong>de</strong></span> <span class='ocrx_word' id='word_1_126' title='bbox 1192 1392 1369 1444; x_wconf 86' lang='lat' dir='ltr'><strong>palladio</strong></span> <span class='ocrx_word' id='word_1_127' title='bbox 1389 1394 1534 1443; x_wconf 86' lang='lat' dir='ltr'><strong>agatur</strong></span> <span class='ocrx_word' id='word_1_128' title='bbox 1553 1413 1611 1419; x_wconf 92' lang='lat'><strong>—</strong></span> 
     </span>
     <span class='ocr_line' id='line_1_18' title="bbox 141 1460 1610 1515; baseline -0.001 -14"><span class='ocrx_word' id='word_1_129' title='bbox 141 1465 214 1514; x_wconf 86' lang='lat' dir='ltr'><strong>aut</strong></span> <span class='ocrx_word' id='word_1_130' title='bbox 242 1462 292 1501; x_wconf 88' lang='lat' dir='ltr'><strong>ad</strong></span> <span class='ocrx_word' id='word_1_131' title='bbox 320 1460 433 1501; x_wconf 86' lang='lat' dir='ltr'><strong>illam</strong></span> <span class='ocrx_word' id='word_1_132' title='bbox 464 1475 586 1515; x_wconf 88' lang='lat' dir='ltr'><strong>quam</strong></span> <span class='ocrx_word' id='word_1_133' title='bbox 614 1466 764 1503; x_wconf 75' lang='lat' dir='ltr'><strong>vocant</strong></span> <span class='ocrx_word' id='word_1_134' title='bbox 793 1461 998 1514; x_wconf 75' lang='grc' dir='ltr'><strong><em>πτωχείαν·</em></strong></span> <span class='ocrx_word' id='word_1_135' title='bbox 1021 1462 1167 1502; x_wconf 83' lang='lat' dir='ltr'><strong>Ulixis.</strong></span> <span class='ocrx_word' id='word_1_136' title='bbox 1235 1461 1353 1504; x_wconf 79' lang='lat' dir='ltr'><strong>Quod</strong></span> <span class='ocrx_word' id='word_1_137' title='bbox 1383 1474 1448 1501; x_wconf 89' lang='lat' dir='ltr'><strong>me</strong></span> <span class='ocrx_word' id='word_1_138' title='bbox 1477 1461 1610 1500; x_wconf 79' lang='lat' dir='ltr'><strong>iudice</strong></span> 
     </span>
     <span class='ocr_line' id='line_1_19' title="bbox 141 1529 1608 1585; baseline -0.003 -13"><span class='ocrx_word' id='word_1_139' title='bbox 141 1531 228 1572; x_wconf 82' lang='lat' dir='ltr'><strong>veri</strong></span> <span class='ocrx_word' id='word_1_140' title='bbox 254 1534 322 1572; x_wconf 63' lang='lat' dir='ltr'><strong>⁴est</strong></span> <span class='ocrx_word' id='word_1_141' title='bbox 338 1530 543 1585; x_wconf 81' lang='lat' dir='ltr'><strong>similius,</strong></span> <span class='ocrx_word' id='word_1_142' title='bbox 585 1544 679 1571; x_wconf 88' lang='lat' dir='ltr'><strong>nam</strong></span> <span class='ocrx_word' id='word_1_143' title='bbox 719 1532 763 1571; x_wconf 89' lang='lat' dir='ltr'><strong>in</strong></span> <span class='ocrx_word' id='word_1_144' title='bbox 795 1535 879 1572; x_wconf 83' lang='lat'><strong>949</strong></span> <span class='ocrx_word' id='word_1_145' title='bbox 910 1532 1122 1581; x_wconf 85' lang='lat' dir='ltr'><strong>Baeohid.,</strong></span> <span class='ocrx_word' id='word_1_146' title='bbox 1162 1531 1233 1572; x_wconf 87' lang='lat' dir='ltr'><strong>ubi</strong></span> <span class='ocrx_word' id='word_1_147' title='bbox 1264 1532 1313 1571; x_wconf 92' lang='lat' dir='ltr'><strong>de</strong></span> <span class='ocrx_word' id='word_1_148' title='bbox 1344 1530 1484 1570; x_wconf 88' lang='lat' dir='ltr'><strong>eodem</strong></span> <span class='ocrx_word' id='word_1_149' title='bbox 1516 1529 1608 1569; x_wconf 88' lang='lat' dir='ltr'><strong>dolo</strong></span> 
     </span>
     <span class='ocr_line' id='line_1_20' title="bbox 142 1600 1610 1656; baseline -0.001 -15"><span class='ocrx_word' id='word_1_150' title='bbox 142 1600 296 1652; x_wconf 86' lang='lat' dir='ltr'><strong>agitur,</strong></span> <span class='ocrx_word' id='word_1_151' title='bbox 340 1604 571 1651; x_wconf 79' lang='lat' dir='ltr'><strong>enarratur,</strong></span> <span class='ocrx_word' id='word_1_152' title='bbox 612 1601 774 1642; x_wconf 80' lang='lat' dir='ltr'><strong>Ulixem</strong></span> <span class='ocrx_word' id='word_1_153' title='bbox 804 1602 925 1643; x_wconf 84' lang='lat' dir='ltr'><strong>‘faeta</strong></span> <span class='ocrx_word' id='word_1_154' title='bbox 953 1601 1134 1642; x_wconf 83' lang='lat' dir='ltr'><strong>Iliorum’</strong></span> <span class='ocrx_word' id='word_1_155' title='bbox 1165 1601 1457 1656; x_wconf 82' lang='lat' dir='ltr'><strong>exquisivisse,</strong></span> <span class='ocrx_word' id='word_1_156' title='bbox 1501 1600 1610 1653; x_wconf 90' lang='lat' dir='ltr'><strong>quod</strong></span> 
     </span>
     <span class='ocr_line' id='line_1_21' title="bbox 142 1669 1609 1724; baseline -0.001 -14"><span class='ocrx_word' id='word_1_157' title='bbox 142 1684 225 1710; x_wconf 90' lang='lat' dir='ltr'><strong>non</strong></span> <span class='ocrx_word' id='word_1_158' title='bbox 255 1671 428 1724; x_wconf 76' lang='lat' dir='ltr'><strong>quadrat</strong></span> <span class='ocrx_word' id='word_1_159' title='bbox 456 1670 501 1710; x_wconf 90' lang='lat' dir='ltr'><strong>in</strong></span> <span class='ocrx_word' id='word_1_160' title='bbox 532 1674 693 1723; x_wconf 86' lang='lat' dir='ltr'><strong>raptum</strong></span> <span class='ocrx_word' id='word_1_161' title='bbox 724 1672 968 1721; x_wconf 86' lang='lat' dir='ltr'><strong>Palladium,</strong></span> <span class='ocrx_word' id='word_1_162' title='bbox 1000 1673 1069 1712; x_wconf 87' lang='lat' dir='ltr'><strong>sed</strong></span> <span class='ocrx_word' id='word_1_163' title='bbox 1100 1672 1144 1711; x_wconf 87' lang='lat' dir='ltr'><strong>in</strong></span> <span class='ocrx_word' id='word_1_164' title='bbox 1173 1671 1285 1711; x_wconf 84' lang='lat' dir='ltr'><strong>illam</strong></span> <span class='ocrx_word' id='word_1_165' title='bbox 1315 1669 1526 1722; x_wconf 76' lang='grc' dir='ltr'><strong><em>πτωχείαν,</em></strong></span> <span class='ocrx_word' id='word_1_166' title='bbox 1558 1670 1609 1709; x_wconf 86' lang='lat' dir='ltr'><strong>ef.</strong></span> 
     </span>
     <span class='ocr_line' id='line_1_22' title="bbox 142 1740 1609 1796; baseline -0.001 -15"><span class='ocrx_word' id='word_1_167' title='bbox 142 1740 264 1781; x_wconf 82' lang='lat' dir='ltr'><strong>Hom.</strong></span> <span class='ocrx_word' id='word_1_168' title='bbox 297 1740 443 1794; x_wconf 78' lang='lat' dir='ltr'><strong>Odyss.</strong></span> <span class='ocrx_word' id='word_1_169' title='bbox 474 1742 524 1780; x_wconf 82' lang='lat' dir='ltr'><strong>A.</strong></span> <span class='ocrx_word' id='word_1_170' title='bbox 555 1745 639 1782; x_wconf 85' lang='lat'><strong>240</strong></span> <span class='ocrx_word' id='word_1_171' title='bbox 664 1755 750 1796; x_wconf 87' lang='lat' dir='ltr'><strong>eqs.</strong></span> <span class='ocrx_word' id='word_1_172' title='bbox 813 1742 908 1783; x_wconf 73' lang='lat' dir='ltr'><strong>Huc</strong></span> <span class='ocrx_word' id='word_1_173' title='bbox 937 1742 1104 1792; x_wconf 76' lang='lat' dir='ltr'><strong>aceedit,</strong></span> <span class='ocrx_word' id='word_1_174' title='bbox 1135 1742 1244 1796; x_wconf 88' lang='lat' dir='ltr'><strong>quod</strong></span> <span class='ocrx_word' id='word_1_175' title='bbox 1275 1741 1380 1793; x_wconf 87' lang='lat' dir='ltr'><strong>apud</strong></span> <span class='ocrx_word' id='word_1_176' title='bbox 1402 1740 1507 1780; x_wconf 91' lang='lat' dir='ltr'><strong>Plin.</strong></span> <span class='ocrx_word' id='word_1_177' title='bbox 1542 1743 1609 1789; x_wconf 83' lang='lat'><strong>35,</strong></span> 
     </span>
     <span class='ocr_line' id='line_1_23' title="bbox 114 1810 1610 1868; baseline 0.001 -20"><span class='ocrx_word' id='word_1_178' title='bbox 114 1831 123 1839; x_wconf 85' lang='lat'><em>.</em></span> <span class='ocrx_word' id='word_1_179' title='bbox 146 1813 228 1868; x_wconf 72' lang='lat'><strong>138</strong></span> <span class='ocrx_word' id='word_1_180' title='bbox 272 1810 419 1850; x_wconf 82' lang='lat' dir='ltr'><strong>dieitur</strong></span> <span class='ocrx_word' id='word_1_181' title='bbox 459 1812 508 1850; x_wconf 89' lang='lat' dir='ltr'><strong>de</strong></span> <span class='ocrx_word' id='word_1_182' title='bbox 548 1813 764 1851; x_wconf 80' lang='lat' dir='ltr'><strong>numerosa</strong></span> <span class='ocrx_word' id='word_1_183' title='bbox 792 1811 931 1851; x_wconf 80' lang='lat' dir='ltr'><strong>tabula</strong></span> <span class='ocrx_word' id='word_1_184' title='bbox 960 1811 1286 1862; x_wconf 84' lang='lat' dir='ltr'><strong>Aristophontis,</strong></span> <span class='ocrx_word' id='word_1_185' title='bbox 1328 1810 1372 1854; x_wconf 79' lang='lat' dir='ltr'><strong>in</strong></span> <span class='ocrx_word' id='word_1_186' title='bbox 1404 1822 1486 1863; x_wconf 75' lang='lat' dir='ltr'><strong>qua</strong></span> <span class='ocrx_word' id='word_1_187' title='bbox 1514 1813 1610 1849; x_wconf 88' lang='lat' dir='ltr'><strong>sunt</strong></span> 
     </span>
     <span class='ocr_line' id='line_1_24' title="bbox 141 1878 1611 1932; baseline -0.001 -14"><span class='ocrx_word' id='word_1_188' title='bbox 141 1878 329 1919; x_wconf 82' lang='lat' dir='ltr'><strong>Priamus</strong></span> <span class='ocrx_word' id='word_1_189' title='bbox 370 1878 532 1920; x_wconf 85' lang='lat' dir='ltr'><strong>Helena</strong></span> <span class='ocrx_word' id='word_1_190' title='bbox 571 1880 796 1922; x_wconf 77' lang='lat' dir='ltr'><strong>Credulitas</strong></span> <span class='ocrx_word' id='word_1_191' title='bbox 831 1880 975 1921; x_wconf 90' lang='lat' dir='ltr'><strong>Ulixes</strong></span> <span class='ocrx_word' id='word_1_192' title='bbox 1006 1881 1243 1932; x_wconf 84' lang='lat' dir='ltr'><strong>Deiphobus</strong></span> <span class='ocrx_word' id='word_1_193' title='bbox 1272 1880 1413 1920; x_wconf 86' lang='lat' dir='ltr'><strong>Dolus.</strong></span> <span class='ocrx_word' id='word_1_194' title='bbox 1475 1881 1611 1932; x_wconf 81' lang='lat' dir='ltr'><strong>Atque</strong></span> 
     </span>
     <span class='ocr_line' id='line_1_25' title="bbox 143 1947 1607 2000; baseline -0.001 -12"><span class='ocrx_word' id='word_1_195' title='bbox 143 1947 240 1989; x_wconf 81' lang='lat' dir='ltr'><strong>Otto</strong></span> <span class='ocrx_word' id='word_1_196' title='bbox 280 1948 386 1988; x_wconf 75' lang='lat' dir='ltr'><strong>Iahn</strong></span> <span class='ocrx_word' id='word_1_197' title='bbox 427 1949 628 1990; x_wconf 86' lang='lat' dir='ltr'><strong>disserens</strong></span> <span class='ocrx_word' id='word_1_198' title='bbox 670 1951 719 1990; x_wconf 89' lang='lat' dir='ltr'><strong>de</strong></span> <span class='ocrx_word' id='word_1_199' title='bbox 758 1951 835 1991; x_wconf 80' lang='lat' dir='ltr'><strong>hae</strong></span> <span class='ocrx_word' id='word_1_200' title='bbox 875 1963 920 1990; x_wconf 89' lang='lat' dir='ltr'><strong>re</strong></span> <span class='ocrx_word' id='word_1_201' title='bbox 949 1951 993 1990; x_wconf 87' lang='lat' dir='ltr'><strong>in</strong></span> <span class='ocrx_word' id='word_1_202' title='bbox 1023 1950 1158 1991; x_wconf 86' lang='lat' dir='ltr'><strong>annal.</strong></span> <span class='ocrx_word' id='word_1_203' title='bbox 1190 1949 1481 2000; x_wconf 80' lang='lat' dir='ltr'><strong>arohaeologio.</strong></span> <span class='ocrx_word' id='word_1_204' title='bbox 1511 1961 1607 1988; x_wconf 87' lang='lat' dir='ltr'><strong>ann.</strong></span> 
     </span>
     <span class='ocr_line' id='line_1_26' title="bbox 147 2017 1609 2072; baseline 0 -15"><span class='ocrx_word' id='word_1_205' title='bbox 147 2018 256 2058; x_wconf 85' lang='lat'><strong>184⁷</strong></span> <span class='ocrx_word' id='word_1_206' title='bbox 288 2031 355 2070; x_wconf 80' lang='lat' dir='ltr'><strong>pg.</strong></span> <span class='ocrx_word' id='word_1_207' title='bbox 394 2017 485 2069; x_wconf 86' lang='lat'><strong>127,</strong></span> <span class='ocrx_word' id='word_1_208' title='bbox 515 2020 688 2071; x_wconf 85' lang='lat' dir='ltr'><strong>exponit</strong></span> <span class='ocrx_word' id='word_1_209' title='bbox 715 2023 843 2061; x_wconf 90' lang='lat' dir='ltr'><strong>totam</strong></span> <span class='ocrx_word' id='word_1_210' title='bbox 872 2020 1051 2061; x_wconf 82' lang='lat' dir='ltr'><strong>tabulam</strong></span> <span class='ocrx_word' id='word_1_211' title='bbox 1082 2023 1265 2072; x_wconf 80' lang='lat' dir='ltr'><strong>spectare</strong></span> <span class='ocrx_word' id='word_1_212' title='bbox 1293 2020 1345 2060; x_wconf 89' lang='lat' dir='ltr'><strong>ad</strong></span> <span class='ocrx_word' id='word_1_213' title='bbox 1375 2018 1508 2059; x_wconf 87' lang='lat' dir='ltr'><strong>Ulixis</strong></span> <span class='ocrx_word' id='word_1_214' title='bbox 1536 2031 1609 2058; x_wconf 88' lang='lat' dir='ltr'><strong>ex-</strong></span> 
     </span>
     <span class='ocr_line' id='line_1_27' title="bbox 140 2087 1609 2143; baseline 0 -17"><span class='ocrx_word' id='word_1_215' title='bbox 140 2087 410 2139; x_wconf 85' lang='lat' dir='ltr'><strong>plorationem</strong></span> <span class='ocrx_word' id='word_1_216' title='bbox 449 2088 563 2128; x_wconf 82' lang='lat' dir='ltr'><strong>urbis</strong></span> <span class='ocrx_word' id='word_1_217' title='bbox 592 2088 758 2138; x_wconf 84' lang='lat' dir='ltr'><strong>Troiae,</strong></span> <span class='ocrx_word' id='word_1_218' title='bbox 799 2103 882 2143; x_wconf 88' lang='lat' dir='ltr'><strong>qua</strong></span> <span class='ocrx_word' id='word_1_219' title='bbox 919 2089 964 2129; x_wconf 85' lang='lat' dir='ltr'><strong>in</strong></span> <span class='ocrx_word' id='word_1_220' title='bbox 1003 2103 1048 2130; x_wconf 91' lang='lat' dir='ltr'><strong>re</strong></span> <span class='ocrx_word' id='word_1_221' title='bbox 1077 2090 1328 2130; x_wconf 87' lang='lat' dir='ltr'><strong>instituenda</strong></span> <span class='ocrx_word' id='word_1_222' title='bbox 1366 2090 1416 2128; x_wconf 88' lang='lat' dir='ltr'><strong>ab</strong></span> <span class='ocrx_word' id='word_1_223' title='bbox 1447 2087 1609 2127; x_wconf 85' lang='lat' dir='ltr'><strong>Helena</strong></span> 
     </span>
     <span class='ocr_line' id='line_1_28' title="bbox 139 2153 1607 2213; baseline 0 -17"><span class='ocrx_word' id='word_1_224' title='bbox 139 2155 303 2207; x_wconf 81' lang='lat' dir='ltr'><strong>agnitus</strong></span> <span class='ocrx_word' id='word_1_225' title='bbox 332 2160 405 2197; x_wconf 86' lang='lat' dir='ltr'><strong>est.</strong></span> <span class='ocrx_word' id='word_1_226' title='bbox 479 2160 536 2198; x_wconf 86' lang='lat' dir='ltr'><strong>At</strong></span> <span class='ocrx_word' id='word_1_227' title='bbox 564 2153 645 2198; x_wconf 81' lang='lat' dir='ltr'><strong>alia</strong></span> <span class='ocrx_word' id='word_1_228' title='bbox 684 2172 846 2213; x_wconf 90' lang='lat' dir='ltr'><strong>quoque</strong></span> <span class='ocrx_word' id='word_1_229' title='bbox 877 2172 998 2200; x_wconf 83' lang='lat' dir='ltr'><strong>eausa</strong></span> <span class='ocrx_word' id='word_1_230' title='bbox 1035 2163 1119 2209; x_wconf 88' lang='lat' dir='ltr'><strong>est,</strong></span> <span class='ocrx_word' id='word_1_231' title='bbox 1165 2172 1236 2199; x_wconf 87' lang='lat' dir='ltr'><strong>our</strong></span> <span class='ocrx_word' id='word_1_232' title='bbox 1272 2158 1343 2197; x_wconf 90' lang='lat' dir='ltr'><strong>ille</strong></span> <span class='ocrx_word' id='word_1_233' title='bbox 1372 2157 1488 2197; x_wconf 87' lang='lat' dir='ltr'><strong>dolus</strong></span> <span class='ocrx_word' id='word_1_234' title='bbox 1518 2170 1607 2197; x_wconf 89' lang='lat' dir='ltr'><strong>esse</strong></span> 
     </span>
     <span class='ocr_line' id='line_1_29' title="bbox 139 2225 1608 2281; baseline 0 -16"><span class='ocrx_word' id='word_1_235' title='bbox 139 2226 286 2266; x_wconf 87' lang='lat' dir='ltr'><strong>debeat</strong></span> <span class='ocrx_word' id='word_1_236' title='bbox 315 2226 488 2278; x_wconf 78' lang='grc' dir='ltr'><strong><em>πτωχεία</em></strong></span> <span class='ocrx_word' id='word_1_237' title='bbox 517 2227 674 2278; x_wconf 83' lang='lat' dir='ltr'><strong>Ulixis,</strong></span> <span class='ocrx_word' id='word_1_238' title='bbox 704 2242 787 2268; x_wconf 87' lang='lat' dir='ltr'><strong>non</strong></span> <span class='ocrx_word' id='word_1_239' title='bbox 831 2228 1050 2281; x_wconf 84' lang='lat' dir='ltr'><strong>palladium</strong></span> <span class='ocrx_word' id='word_1_240' title='bbox 1088 2232 1262 2281; x_wconf 86' lang='lat' dir='ltr'><strong>raptum.</strong></span> <span class='ocrx_word' id='word_1_241' title='bbox 1323 2228 1466 2280; x_wconf 84' lang='lat' dir='ltr'><strong>Neque</strong></span> <span class='ocrx_word' id='word_1_242' title='bbox 1497 2225 1608 2266; x_wconf 89' lang='lat' dir='ltr'><strong>enim</strong></span> 
     </span>
     <span class='ocr_line' id='line_1_30' title="bbox 140 2295 1608 2351; baseline -0.001 -15"><span class='ocrx_word' id='word_1_243' title='bbox 140 2296 261 2336; x_wconf 80' lang='lat' dir='ltr'><strong>cardo</strong></span> <span class='ocrx_word' id='word_1_244' title='bbox 301 2296 346 2336; x_wconf 90' lang='lat' dir='ltr'><strong>in</strong></span> <span class='ocrx_word' id='word_1_245' title='bbox 385 2309 434 2336; x_wconf 82' lang='lat' dir='ltr'><strong>ea</strong></span> <span class='ocrx_word' id='word_1_246' title='bbox 472 2311 517 2338; x_wconf 92' lang='lat' dir='ltr'><strong>re</strong></span> <span class='ocrx_word' id='word_1_247' title='bbox 548 2298 742 2347; x_wconf 85' lang='lat' dir='ltr'><strong>vertitur,</strong></span> <span class='ocrx_word' id='word_1_248' title='bbox 784 2298 892 2351; x_wconf 89' lang='lat' dir='ltr'><strong>quod</strong></span> <span class='ocrx_word' id='word_1_249' title='bbox 922 2298 966 2337; x_wconf 88' lang='lat' dir='ltr'><strong>in</strong></span> <span class='ocrx_word' id='word_1_250' title='bbox 995 2298 1066 2338; x_wconf 88' lang='lat' dir='ltr'><strong>illa</strong></span> <span class='ocrx_word' id='word_1_251' title='bbox 1108 2310 1228 2338; x_wconf 81' lang='lat' dir='ltr'><strong>scena</strong></span> <span class='ocrx_word' id='word_1_252' title='bbox 1269 2297 1408 2337; x_wconf 86' lang='lat' dir='ltr'><strong>lenoni</strong></span> <span class='ocrx_word' id='word_1_253' title='bbox 1452 2295 1608 2349; x_wconf 86' lang='lat' dir='ltr'><strong>aliquid</strong></span> 
     </span>
     <span class='ocr_line' id='line_1_31' title="bbox 139 2363 1606 2421; baseline -0.001 -16"><span class='ocrx_word' id='word_1_254' title='bbox 139 2363 332 2417; x_wconf 66' lang='lat' dir='ltr'><strong>eripitur,</strong></span> <span class='ocrx_word' id='word_1_255' title='bbox 390 2366 461 2405; x_wconf 85' lang='lat' dir='ltr'><strong>sed</strong></span> <span class='ocrx_word' id='word_1_256' title='bbox 501 2367 610 2421; x_wconf 91' lang='lat' dir='ltr'><strong>quod</strong></span> <span class='ocrx_word' id='word_1_257' title='bbox 652 2366 875 2408; x_wconf 89' lang='lat' dir='ltr'><strong>Pseudolus</strong></span> <span class='ocrx_word' id='word_1_258' title='bbox 915 2367 1094 2419; x_wconf 81' lang='lat' dir='ltr'><strong>perficit,</strong></span> <span class='ocrx_word' id='word_1_259' title='bbox 1144 2370 1191 2407; x_wconf 80' lang='lat' dir='ltr'><strong>ut</strong></span> <span class='ocrx_word' id='word_1_260' title='bbox 1219 2366 1314 2408; x_wconf 83' lang='lat' dir='ltr'><strong>leno</strong></span> <span class='ocrx_word' id='word_1_261' title='bbox 1356 2366 1606 2407; x_wconf 85' lang='lat' dir='ltr'><strong>subditivum</strong></span> 
     </span>
     <span class='ocr_line' id='line_1_32' title="bbox 140 2435 1606 2490; baseline -0.001 -15"><span class='ocrx_word' id='word_1_262' title='bbox 140 2435 372 2486; x_wconf 64' lang='lat' dir='ltr'><strong>Han-pagena</strong></span> <span class='ocrx_word' id='word_1_263' title='bbox 401 2439 533 2487; x_wconf 85' lang='lat' dir='ltr'><strong>putet</strong></span> <span class='ocrx_word' id='word_1_264' title='bbox 582 2449 670 2477; x_wconf 88' lang='lat' dir='ltr'><strong>esse</strong></span> <span class='ocrx_word' id='word_1_265' title='bbox 714 2449 856 2477; x_wconf 85' lang='lat' dir='ltr'><strong>verum</strong></span> <span class='ocrx_word' id='word_1_266' title='bbox 899 2438 1087 2478; x_wconf 84' lang='lat' dir='ltr'><strong>nuntium</strong></span> <span class='ocrx_word' id='word_1_267' title='bbox 1126 2436 1293 2485; x_wconf 86' lang='lat' dir='ltr'><strong>militis;</strong></span> <span class='ocrx_word' id='word_1_268' title='bbox 1347 2440 1470 2490; x_wconf 84' lang='lat' dir='ltr'><strong>atque</strong></span> <span class='ocrx_word' id='word_1_269' title='bbox 1525 2435 1606 2475; x_wconf 90' lang='lat' dir='ltr'><strong>tale</strong></span> 
     </span>
     <span class='ocr_line' id='line_1_33' title="bbox 139 2503 1605 2558; baseline -0.001 -15"><span class='ocrx_word' id='word_1_270' title='bbox 139 2503 294 2558; x_wconf 84' lang='lat' dir='ltr'><strong>aliquid</strong></span> <span class='ocrx_word' id='word_1_271' title='bbox 333 2517 418 2544; x_wconf 87' lang='lat' dir='ltr'><strong>non</strong></span> <span class='ocrx_word' id='word_1_272' title='bbox 457 2504 566 2545; x_wconf 87' lang='lat' dir='ltr'><strong>inest</strong></span> <span class='ocrx_word' id='word_1_273' title='bbox 605 2504 649 2545; x_wconf 87' lang='lat' dir='ltr'><strong>in</strong></span> <span class='ocrx_word' id='word_1_274' title='bbox 700 2505 882 2545; x_wconf 83' lang='lat' dir='ltr'><strong>Palladio</strong></span> <span class='ocrx_word' id='word_1_275' title='bbox 922 2509 1063 2557; x_wconf 88' lang='lat' dir='ltr'><strong>rapto,</strong></span> <span class='ocrx_word' id='word_1_276' title='bbox 1118 2506 1189 2545; x_wconf 87' lang='lat' dir='ltr'><strong>sed</strong></span> <span class='ocrx_word' id='word_1_277' title='bbox 1228 2506 1272 2546; x_wconf 87' lang='lat' dir='ltr'><strong>in</strong></span> <span class='ocrx_word' id='word_1_278' title='bbox 1316 2506 1452 2546; x_wconf 82' lang='lat' dir='ltr'><strong>Ulixis</strong></span> <span class='ocrx_word' id='word_1_279' title='bbox 1499 2518 1605 2543; x_wconf 86' lang='grc' dir='ltr'><strong><em>πτω-</em></strong></span> 
     </span>
     <span class='ocr_line' id='line_1_34' title="bbox 139 2571 1606 2630; baseline 0.001 -17"><span class='ocrx_word' id='word_1_280' title='bbox 139 2571 226 2628; x_wconf 71' lang='grc' dir='ltr'><strong>χείᾳ</strong></span> <span class='ocrx_word' id='word_1_281' title='bbox 239 2603 250 2622; x_wconf 88' lang='grc'><em>,</em></span> <span class='ocrx_word' id='word_1_282' title='bbox 294 2574 368 2614; x_wconf 81' lang='lat' dir='ltr'><strong>ubi</strong></span> <span class='ocrx_word' id='word_1_283' title='bbox 408 2573 480 2614; x_wconf 88' lang='lat' dir='ltr'><strong>ille</strong></span> <span class='ocrx_word' id='word_1_284' title='bbox 518 2577 633 2615; x_wconf 86' lang='lat' dir='ltr'><strong>veste</strong></span> <span class='ocrx_word' id='word_1_285' title='bbox 670 2577 825 2616; x_wconf 79' lang='lat' dir='ltr'><strong>mutata</strong></span> <span class='ocrx_word' id='word_1_286' title='bbox 855 2575 1068 2627; x_wconf 86' lang='lat' dir='ltr'><strong>prohibet,</strong></span> <span class='ocrx_word' id='word_1_287' title='bbox 1111 2576 1329 2630; x_wconf 88' lang='lat' dir='ltr'><strong>quominus</strong></span> <span class='ocrx_word' id='word_1_288' title='bbox 1369 2589 1394 2615; x_wconf 87' lang='lat' dir='ltr'><strong>a</strong></span> <span class='ocrx_word' id='word_1_289' title='bbox 1422 2575 1606 2616; x_wconf 79' lang='lat' dir='ltr'><strong>Troianis</strong></span> 
     </span>
    </p>
   </div>
   <div class='ocr_carea' id='block_1_4' title="bbox 140 2644 1605 2766">
    <p class='ocr_par' dir='ltr' id='par_1_7' title="bbox 140 2644 1605 2766">
     <span class='ocr_line' id='line_1_35' title="bbox 141 2644 1605 2700; baseline 0.001 -18"><span class='ocrx_word' id='word_1_290' title='bbox 141 2647 407 2693; x_wconf 77' lang='lat' dir='ltr'><strong>agnoscatur,</strong></span> <span class='ocrx_word' id='word_1_291' title='bbox 437 2647 479 2684; x_wconf 89' lang='lat' dir='ltr'><strong>et</strong></span> <span class='ocrx_word' id='word_1_292' title='bbox 508 2656 554 2683; x_wconf 89' lang='lat' dir='ltr'><strong>re</strong></span> <span class='ocrx_word' id='word_1_293' title='bbox 582 2656 679 2685; x_wconf 79' lang='lat' dir='ltr'><strong>vera</strong></span> <span class='ocrx_word' id='word_1_294' title='bbox 708 2644 914 2684; x_wconf 83' lang='lat' dir='ltr'><strong>mendicus</strong></span> <span class='ocrx_word' id='word_1_295' title='bbox 944 2644 1130 2687; x_wconf 86' lang='lat' dir='ltr'><strong>habetur.</strong></span> <span class='ocrx_word' id='word_1_296' title='bbox 1191 2647 1336 2700; x_wconf 84' lang='lat' dir='ltr'><strong>Itaque</strong></span> <span class='ocrx_word' id='word_1_297' title='bbox 1366 2645 1489 2685; x_wconf 86' lang='lat' dir='ltr'><strong>idad</strong></span> <span class='ocrx_word' id='word_1_298' title='bbox 1518 2644 1605 2684; x_wconf 90' lang='lat' dir='ltr'><strong>Uli-</strong></span> 
     </span>
     <span class='ocr_line' id='line_1_36' title="bbox 140 2712 1605 2766; baseline 0.002 -13"><span class='ocrx_word' id='word_1_299' title='bbox 140 2712 207 2753; x_wconf 90' lang='lat' dir='ltr'><strong>xis</strong></span> <span class='ocrx_word' id='word_1_300' title='bbox 226 2713 551 2766; x_wconf 84' lang='lat' dir='ltr'><strong>explorationem</strong></span> <span class='ocrx_word' id='word_1_301' title='bbox 569 2713 822 2754; x_wconf 83' lang='lat' dir='ltr'><strong>referendum</strong></span> <span class='ocrx_word' id='word_1_302' title='bbox 857 2726 943 2755; x_wconf 87' lang='lat' dir='ltr'><strong>esse</strong></span> <span class='ocrx_word' id='word_1_303' title='bbox 974 2728 1084 2756; x_wconf 85' lang='lat' dir='ltr'><strong>nuno</strong></span> <span class='ocrx_word' id='word_1_304' title='bbox 1114 2716 1275 2756; x_wconf 87' lang='lat' dir='ltr'><strong>demum</strong></span> <span class='ocrx_word' id='word_1_305' title='bbox 1305 2715 1403 2757; x_wconf 85' lang='lat' dir='ltr'><strong>satis</strong></span> <span class='ocrx_word' id='word_1_306' title='bbox 1433 2717 1605 2756; x_wconf 81' lang='lat' dir='ltr'><strong>constat.</strong></span> 
     </span>
    </p>
   </div>
   <div class='ocr_carea' id='block_1_5' title="bbox 0 3160 1880 3245">
    <p class='ocr_par' dir='ltr' id='par_1_8' title="bbox 0 3160 1880 3245">
     <span class='ocr_line' id='line_1_37' title="bbox 0 3160 1880 3245; baseline 0 0"><span class='ocrx_word' id='word_1_307' title='bbox 0 3160 1880 3245; x_wconf 95' lang='lat' dir='ltr'><strong> </strong></span> 
     </span>
    </p>
   </div>
  </div>
 </body>
</html>
