1880 3240
769 142 1060 213 -1-1-†

178 250 328 294 bhante
356 244 601 291 Graecorum
630 244 782 302 augure
812 250 951 290 omnia
986 253 1084 290 nota
1113 252 1211 291 sunt
1251 262 1304 289 ex
1331 249 1480 298 Iliade3
1524 252 1648 302 atque

179 310 392 359 Porthaon
427 323 475 359 ut
503 324 620 371 pater
650 319 778 361 Oenei
814 320 860 359 in
889 318 1097 370 Euripidis
1126 318 1280 361 fabula,
1295 318 1432 357 Oeneo
1463 318 1648 358 nomina-

182 392 248 428 tus
278 391 387 437 erat,
435 393 645 449 praeterea
673 393 809 440 autem
840 388 927 429 eius
957 389 1152 434 memoria
1191 391 1326 428 exstat
1362 388 1405 426 in
1436 387 1647 439 Eupolidis

129 503 134 506 Α
180 457 323 497 fabula
357 452 528 506 Πόλεσι,
570 458 684 499 cuius
712 458 814 508 frag.
844 458 888 497 in
919 458 1047 498 schol.
1089 459 1139 496 ad
1171 458 1382 508 Aristoph.
1413 470 1499 496 rau.
1536 461 1641 496 1561

179 526 548 579 (Mein.11.513)
581 527 639 568 sie
669 527 788 568 nobis
818 528 1011 573 traditum
1041 530 1136 568 est.

458 592 534 639 οὐκ
564 593 740 649 ἀργαλέα
770 594 856 648 δῆτ’
887 594 971 637 ἐστὶ
1001 593 1168 647 πάσχειν
1198 593 1309 635 ταῦτ’
1344 592 1427 646 ἐμὲ,

258 720 262 723 ἢ
459 662 529 706 τόν
559 664 873 715 Λευκολοφίδου
903 664 1031 705 παῖδα
1063 667 1135 706 τοῦ
1170 661 1447 718 Πορθάονος,

181 736 368 776 Ceterum
402 749 498 787 prae
519 736 738 776 Calchante
765 736 877 776 illius
898 736 1143 776 Porthaonis
1172 736 1324 776 mentio
1356 737 1434 776 hoc
1464 736 1553 775 loco
1578 736 1648 774 'sa-

178 804 233 843 tis
261 804 425 854 ignota3
468 799 723 847 Meineokius
763 818 926 859 quoque
964 806 990 845 1.
1023 806 1049 845 l.
1092 819 1176 844 non
1219 806 1414 857 perspicit
1454 805 1551 857 quid
1594 805 1648 844 sit

180 873 288 927 quod
309 874 651 926 Leucolophidam
672 875 916 916 Porthaonis
942 875 1070 921 filium
1101 872 1255 915 fecerit.
1316 874 1517 925 Bergkius
1546 886 1644 913 vero

179 943 224 982 in
254 944 515 984 adnotatione
545 945 663 985 dicit:
714 945 807 985 Und
836 946 928 985 dass
959 958 1051 984 man
1082 945 1170 985 sich
1200 935 1272 984 der
1300 945 1543 1000 Bedeutung
1575 944 1646 983 des

179 1013 357 1053 Namens
385 1014 495 1055 wohl
523 1014 703 1055 bewusst
730 1027 836 1063 war,
876 1014 985 1065 zeigt
1014 1015 1079 1053 die
1111 1015 1350 1063 Anekdote,
1381 1013 1536 1054 welche
1567 1012 1646 1052 Po-

179 1082 300 1133 lyaen
331 1083 403 1123 VI.
439 1086 485 1132 1,
506 1089 542 1123 ⁷6
582 1098 662 1125 von
696 1085 921 1134 Meriones,
966 1085 1057 1124 dem
1098 1084 1188 1124 sein
1221 1084 1378 1123 Bruder
1405 1084 1530 1123 Jason
1561 1096 1644 1123 von

179 1152 358 1201 Pherae,
403 1153 600 1192 nachdem
631 1166 675 1192 er
711 1154 784 1192 ihn
815 1167 943 1194 zuvor
972 1153 1166 1193 heimlioh
1207 1153 1343 1192 seiner
1371 1152 1544 1192 Schatze
1576 1152 1646 1190 be-

180 1222 303 1263 raubt
342 1222 474 1271 hatte,
513 1222 666 1263 seinem
712 1224 831 1263 eben·
857 1224 1088 1274 geborenen
1128 1224 1240 1262 Sohn
1282 1223 1374 1268 denV
1397 1222 1554 1261 Namen
1595 1235 1647 1260 zu

180 1292 311 1341 geben
341 1293 482 1342 gebot,
514 1293 691 1332 erzahlt:
723 1288 944 1343 Μηριόνης
973 1290 1031 1339 δέ,
1064 1288 1206 1351 ἐψειδή
1224 1305 1300 1337 ,τις
1328 1285 1505 1344 ἤγγειλεν
1535 1285 1647 1343 αὐτῷ

181 1361 478 1413 πεπορθῆσθαι
507 1356 581 1411 τὴν
611 1360 759 1408 οἰκίαν,
792 1357 1006 1412 δεξάμενος
1034 1357 1080 1401 τό
1112 1359 1333 1411 οἰώνισμα,
1365 1355 1496 1410 ὄνομα
1527 1358 1646 1399 ἔθετο

179 1431 234 1482 τῷ
265 1429 416 1483 παιδίῳ
452 1427 692 1481 Πορθάονα.
755 1435 891 1484 Atque
922 1431 1260 1471 Wilamowitzius
1291 1431 1337 1468 in
1367 1429 1643 1480 Luetjohanni

181 1500 230 1538 de
260 1500 410 1551 Apulei
442 1502 492 1540 de
523 1502 609 1541 Deo
640 1502 825 1542 Socratis·
845 1501 950 1541 libro
982 1488 1253 1542 dissertation.
1285 1514 1350 1551 pg.
1385 1504 1438 1546 38
1480 1499 1644 1555 (Gryps.

188 1568 293 1608 1878·
315 1570 470 1622 progr.)
500 1583 664 1610 censere
694 1571 869 1620 videtur,
900 1571 966 1610 his
996 1570 1096 1610 locis
1117 1571 1363 1610 Porthaonis
1394 1582 1541 1608 nomen
1572 1581 1646 1619 per

180 1639 452 1692 metonymiae
483 1640 653 1692 figuram
683 1653 757 1692 pro
787 1642 993 1681 vastatore
1023 1640 1220 1680 adhiberi.

297 1708 533 1762 Sequuntur
560 1723 702 1750 versus
729 1713 812 1749 836
835 1724 933 1763 eqs.‚
964 1710 1035 1749 ubi
1055 1710 1330 1761 Syracusanus
1361 1709 1648 1748 Menaechmus

180 1777 373 1818 simulans
403 1778 601 1818 insaniam
632 1784 679 1819 ut
708 1779 934 1820 absterreat
963 1791 1146 1819 socerum
1176 1778 1315 1819 fratris
1344 1778 1463 1819 dicit:

180 1848 293 1887 Euoe
315 1848 484 1896 Bacche,
516 1849 597 1887 heu
626 1848 799 1897 Bromie,
831 1863 913 1902 quo
942 1862 1007 1887 me
1037 1850 1081 1888 in
1112 1849 1257 1889 silvam
1286 1852 1478 1889 venatum
1509 1860 1643 1886 vocas.

133 1940 135 1942 ν
179 1917 229 1956 ad
260 1930 381 1974 quern
410 1929 571 1957 versum
602 1918 785 1957 adscribo
826 1918 920 1958 illos
963 1931 1015 1956 ex
1055 1918 1262 1969 Euripidis
1301 1917 1469 1957 Bacchis
1509 1917 1649 1956 fabula

180 1981 362 2038 sumptos
393 1986 524 2037 (1189
557 1986 680 2040 eqs.):

516 2050 541 2094 o‘
572 2052 748 2107 Βάκχιος
777 2054 998 2112 ιῳναγὲτας
1027 2052 1159 2106 σοφὸς
1190 2057 1331 2106 σοφῶς

515 2120 677 2177 ἀνέπηλ’
707 2124 773 2166 ἐπὶ
803 2112 918 2182 θήρᾳ

516 2194 638 2234 τοῦδε
668 2191 900 2242 Μαινάδας.

179 2263 332 2303 Versus
364 2266 592 2305 840——860
624 2270 873 2319 sequuntur:

266 2328 370 2372 Ecce
399 2334 547 2385 Apollo
578 2334 678 2374 mihi
708 2348 763 2375 ex
791 2335 925 2375 oraclo
953 2335 1139 2387 imperat,

265 2402 321 2442 Ut
350 2416 425 2453 ego
453 2405 540 2444 illic
570 2405 707 2445 oculos
737 2418 903 2444 exuram
933 2404 1185 2456 lampadibus
1216 2405 1462 2458 ardentibus.

213 2499 215 2501 -
268 2503 416 2514 ......
447 2475 566 2514 Nunc
595 2474 704 2515 hunc
733 2474 1049 2526 impurissimum
1114 2493 1119 2495 -

273 2536 296 2596 ἦ
322 2543 541 2583 Barbatum
569 2535 787 2590 tremulurn
814 2535 1045 2593 Tithonum,
1078 2544 1148 2597 qui
1179 2544 1287 2583 cluet
1316 2543 1468 2582 Oucino
1500 2546 1614 2594 patre

301 2603 391 2653 ‘Ita
419 2613 521 2652 mihi
551 2613 739 2664 imperas,
771 2617 817 2653 ut
848 2626 922 2664 ego
954 2612 1074 2652 huius
1104 2614 1284 2652 membra
1312 2616 1436 2665 atque
1466 2624 1556 2652 ossa
1583 2616 1646 2651 at-

1205 2695 1286 2735 que
1317 2686 1435 2722 artua

325 2751 602 2792 Comminuam
631 2751 703 2792 illo
733 2751 926 2805 scipione,
959 2764 1080 2805 quem
1109 2751 1198 2803 ipse
1229 2751 1363 2791 habet.
