1880 3245
783 162 1076 206 -60-

192 267 478 319 inquisiverim
493 299 502 316 ‚
550 271 684 307 tamen
729 271 986 321 quaestorem
1017 268 1288 309 Stratonicum
1330 274 1377 311 ut
1419 271 1665 321 indagarem,

193 336 292 374 mihi
315 350 398 375 non
421 338 604 389 contigit.
667 339 811 392 Neque
842 351 941 379 vero
973 340 1061 379 loco
1083 339 1274 379 Plautino
1297 340 1432 391 agitur
1463 342 1511 380 de
1542 352 1665 394 quae-

195 409 303 445 store
326 420 460 460 neque
491 409 539 447 de
563 409 728 457 divitiis,
762 413 1003 449 erraverunt
1032 409 1075 448 in
1105 409 1181 449 hac
1206 423 1251 448 re
1271 409 1350 450 viri
1382 411 1508 460 docti;
1539 410 1665 450 verba

194 475 307 526 Gripi
341 480 437 517 sunt
467 479 633 518 haecce:

192 545 292 585 Post
323 547 447 585 animi
479 561 600 587 causa
630 548 729 587 mihi
763 562 908 588 navem
948 548 1093 589 faciam
1134 553 1255 603 atque
1286 548 1478 588 imitabor
1508 549 1663 589 Strato-

1304 619 1453 668 nicum,

192 685 354 736 Oppida
384 687 774 728 circumvectitabor.
834 688 914 727 Ubi
946 688 1139 728 nobilitas
1170 702 1259 728 mea
1289 689 1367 727 erit
1398 687 1517 727 clara.

309 757 417 806 Ergo
450 756 599 807 Gripus
631 757 752 806 dicit,
798 757 1071 798 Stratonicum
1102 758 1228 797 animi
1260 771 1379 798 causa
1410 757 1487 797 sibi
1517 770 1662 798 navem

189 826 356 874 fecisse,
397 830 439 864 et
480 827 631 877 oppida
670 828 1027 868 circumvectatum
1059 840 1147 866 esse
1188 832 1310 881 atque
1354 827 1501 866 multas
1517 845 1525 852 ·
1542 828 1663 866 urbes

190 894 350 934 adiisse.
426 895 556 938 Quem
600 897 806 936 hominem
849 897 1028 936 inveniri
1079 910 1198 948 posse
1243 910 1478 948 persuasum
1520 897 1661 946 haben,

190 977 283 1003 nam
314 965 357 1003 in
394 966 591 1004 Athenaei
627 966 731 1005 libro
764 967 869 1005 VIII
900 966 1044 1017 (348),
1085 966 1155 1004 ubi
1187 967 1236 1005 de
1268 966 1479 1006 citharista
1508 966 1661 1005 Strato—

191 1034 282 1073 nioo
314 1035 441 1074 verba
472 1035 647 1085 fiuntur,
692 1037 867 1076 Machon
899 1040 1020 1087 poeta
1051 1036 1228 1075 comicus
1272 1039 1404 1076 aetate
1435 1049 1565 1076 novae
1597 1049 1661 1076 co-

189 1105 382 1154 moediae,
414 1106 528 1145 illum
561 1106 708 1146 multas
738 1107 859 1146 urbes
889 1106 1036 1146 adiisse
1067 1110 1225 1146 narrat:

403 1172 678 1228 Στρατόνικος
709 1171 970 1228 ἐπεδήμησεν
1002 1174 1058 1223 εἰς
1085 1173 1240 1216 Πέλλαν
1272 1170 1373 1215 ποθ’
1394 1200 1449 1205 -

402 1241 678 1299 Στρατόνικος
708 1244 764 1292 εἷς
783 1241 954 1298 ’Ἄβδηρ’
979 1241 1250 1296 ἀποδημήσας
1273 1243 1371 1285 ποτέ
1395 1268 1451 1274 -
1472 1248 1475 1250 ’

402 1312 677 1369 Στρατόνικος
708 1310 731 1355 ὅ
763 1311 1001 1371 κιθαρῳδὸς
1033 1310 1088 1362 ὥς
1120 1312 1357 1368 Βηρισάδην
1386 1315 1575 1356 ἔπλευσεν
1604 1339 1661 1344 -

398 1380 464 1423 Ἑν
495 1387 545 1441 τῇ
572 1385 769 1441 Κορίνθῳ
800 1382 1139 1438 παρεπεδήμησέν
1170 1399 1265 1425 ποτε
1299 1409 1350 1414 --

400 1450 677 1508 Στρατόνικος
708 1449 732 1495 ὅ
765 1450 1003 1511 κιθαρῳδός
1036 1479 1094 1485 —-

400 1521 758 1577 Ἐπιδεικνυμὲνου
797 1522 914 1575 πόθ’,
948 1520 1002 1573 αἷς
1044 1524 1174 1565 ἔοικεν
1216 1523 1257 1565 ἐν
1286 1520 1445 1580 Ἐφέσῳ
1478 1555 1656 1564 .....

645 1592 786 1650 παρών
816 1611 920 1636 κατα
949 1591 1072 1649 τύχην
1104 1590 1128 1636 o‘
1159 1591 1447 1650 Στρατόνικος.

187 1669 272 1705 tum
304 1680 357 1705 ex
387 1667 477 1706 aliis
509 1669 614 1718 apud
646 1669 902 1707 Athenaeum
937 1667 1202 1718 scriptoribus
1232 1666 1424 1716 legimus:

186 1731 254 1775 Ἐν
292 1737 515 1788 Τειχιοῦντι
548 1733 591 1775 δὲ
623 1738 694 1787 τῆς
726 1732 918 1787 Μιλήτου
951 1731 1149 1789 μιγάδων,
1182 1751 1237 1783 ως
1268 1732 1375 1788 ἑώρα
1405 1708 1658 1787 (Βοί1,Στρα-

1177 1801 1356 1859 τόνικος)
1387 1829 1445 1835 ——

184 1871 257 1914 'Ev
289 1876 520 1931 Μαρωνείᾳ
551 1872 595 1915 δὲ
626 1875 838 1926 συμπίνων
868 1873 970 1914 τισὶν
1001 1876 1104 1929 (scil.
1137 1872 1430 1928 Στρατόνικος)
1461 1899 1517 1905 —-

192 1941 379 1997 Νικήσας
410 1940 444 1985 δ’
478 1944 521 1986 ἐν
553 1947 736 1986 Σικυῶνι
767 1946 869 2000 (scil.
902 1942 1191 1999 Στρατόνικος)
1222 1969 1279 1975 —-

193 2012 301 2063 Τούς
332 2013 375 2055 δὲ
398 2011 577 2064 Ῥοδίους
608 2011 632 2056 ὅ
659 2011 781 2063 αὐτὸς
803 2013 1079 2069 Στρατόνικος
1108 2018 1374 2063 σπαταλῶνας
1403 2014 1470 2055 καὶ
1504 2019 1653 2069 θερμο-

185 2081 315 2133 πότας
353 2088 541 2140 θεωρῶν.
603 2088 773 2127 Possum
814 2087 942 2128 multa
984 2087 1063 2126 alia
1100 2100 1152 2127 ex
1182 2087 1253 2127 illo
1285 2087 1487 2127 Athenaei
1520 2085 1652 2137 capite

186 2157 374 2208 exempla
394 2158 601 2206 adnotare,
634 2158 702 2196 sed
734 2160 833 2208 puto
865 2157 977 2196 hisce
1007 2158 1086 2196 iam
1110 2170 1162 2195 ex
1183 2158 1305 2196 rebus
1325 2156 1499 2206 intelligi
1522 2168 1652 2206 posse,

184 2226 298 2265 illum
320 2227 592 2267 Stratonicum
617 2227 763 2267 multas
785 2227 908 2266 urbes
938 2230 980 2267 et
1000 2227 1144 2267 visisse
1178 2230 1219 2265 et
1243 2225 1394 2265 clarum
1416 2226 1563 2273 fuisse3
1594 2230 1655 2265 at-

185 2309 265 2348 que
286 2297 408 2336 istum
430 2298 679 2337 citharistam
699 2297 820 2337 etiam
837 2296 1089 2347 temporibus
1111 2309 1240 2336 novae
1257 2296 1500 2345 comoediae,
1523 2298 1655 2335 aetate

184 2366 369 2417 Diphili,
417 2367 529 2405 cuius
560 2367 737 2406 fabulam
768 2366 938 2405 Plautus
983 2366 1027 2404 in
1060 2366 1247 2405 Rudente
1286 2368 1489 2414 verterat,
1529 2365 1655 2405 fuisse

182 2438 278 2475 inde
309 2440 490 2487 apparet,
524 2437 632 2488 quod
668 2435 825 2481 Φανίας
857 2432 959 2485 φησὶ
991 2431 1035 2473 δὲ
1066 2431 1134 2472 καὶ
1166 2435 1396 2486 τελευτῆσαι
1427 2430 1552 2474 αὐτόν
1584 2429 1652 2474 διοὶ

183 2501 257 2558 τήν
290 2505 332 2546 ἐν
364 2507 420 2561 τῷ
463 2505 604 2561 γελοίῳ
636 2504 863 2558 παρῤησίαν
905 2499 988 2544 ὖπό
1024 2502 1301 2554 Νικοκλέους,
1344 2506 1418 2545 τοῦ
1455 2504 1655 2561 Κυπρίων

183 2574 380 2628 βασιλέως
412 2572 636 2629 φάρμακον
659 2575 804 2615 πίοντα
836 2571 904 2614 διοέ
937 2570 981 2614 τό
1006 2569 1205 2614 σκώπτειν
1236 2569 1363 2615 αὐτοῦ
1394 2571 1490 2622 τούς
1519 2570 1651 2621 ὖιούς.

182 2649 256 2687 Est
299 2651 433 2687 autem
467 2648 653 2687 Nicocles
684 2660 760 2686 rex
790 2645 859 2685 ille
891 2645 1129 2698 Cypriorum
1162 2659 1214 2685 ex
1260 2646 1474 2686 Isocrateis
1506 2646 1651 2686 oratio-

181 2718 301 2757 nibus
333 2718 580 2757 notissimus.
644 2718 751 2767 Ergo
783 2716 863 2755 fuit
892 2715 961 2755 ille
983 2715 1235 2756 Stratonicus
1266 2719 1398 2755 aetate
1429 2728 1560 2757 novae
1587 2729 1652 2755 co-
