1880 3245
818 134 1119 219 -354

299 305 301 307 v
346 284 398 323 In
413 293 549 324 .versu
590 280 781 336 denique
800 279 851 321 17
858 282 882 320 8
913 278 1036 320 huius
1078 277 1240 319 fabulae
1280 278 1383 319 alter
1424 290 1554 319 senex
1583 277 1701 318 alteri

230 354 332 396 vitio
364 352 455 401 dat,
500 351 607 405 qued
641 350 761 390 aliam
790 363 961 390 uxorem
1004 350 1048 389 in
1079 348 1380 389 matrimonium
1412 349 1558 389 ducere
1588 347 1700 395 velit,

231 421 330 462 satis
359 419 420 459 illi
452 432 541 460 esse
571 420 738 468 debere,
776 431 865 459 eam
894 431 1064 460 uxorem
1096 430 1218 472 quam
1250 420 1372 457 antea
1399 418 1610 466 habuerit,
1640 416 1703 457 vi-

229 490 364 532 vendo
393 489 564 530 vicisse:
589 488 811 539 respondet
839 488 945 529 alter
972 501 1099 528 senex
1129 481 1404 539 Periphanes:

318 557 518 599 Hercules
547 570 623 608 ego
652 556 725 607 fui,
758 557 853 597 dum
882 557 955 615 illa
984 570 1140 598 mecum
1170 557 1273 598 fuit:

317 629 462 682 Neque
492 631 610 669 sexta
638 639 832 668 aerumna
860 627 1046 669 acerbior
1074 627 1246 668 Herculi
1278 639 1398 682 quam
1428 625 1484 666 mi
1514 625 1587 666 illa

1282 697 1491 738 obiectast.

348 767 428 808 Sed
459 767 633 819 primum
676 767 838 822 quidem
878 767 1166 822 inquirendum
1204 767 1389 817 videtur,
1437 779 1542 821 quae
1581 764 1707 805 fuerit

231 841 349 879 sexta
378 849 572 878 aerumna
592 837 793 888 Herculis,
826 841 949 892 atque
971 837 1243 889 Kiesslingius
1264 838 1370 877 Mus.
1401 837 1516 877 rhen.
1547 834 1706 875 XXIII

230 921 272 959 p.
304 909 387 947 418
418 907 511 947 adn.
543 910 582 956 2,
623 907 692 947 ubi
732 908 781 947 de
820 920 989 947 numero
1030 920 1103 947 sex
1142 907 1248 958 apud
1280 907 1471 946 Plautum
1503 905 1703 954 disseruit,

232 977 352 1017 dicit:
382 975 589 1016 natiirlich
618 977 674 1017 ist
701 976 812 1017 diese
843 979 959 1017 sexta
988 989 1183 1016 aerumna
1213 976 1329 1016 nicht
1358 976 1431 1015 auf
1460 976 1539 1014 den
1560 974 1707 1014 Giirtel

231 1047 303 1086 der
331 1046 560 1099 Hippolyta
589 1069 646 1076 —-
677 1049 784 1087 trotz
816 1048 934 1088 Men.
967 1051 1051 1087 200
1085 1070 1139 1076 —-
1171 1061 1222 1087 zu
1263 1046 1482 1095 beziehen,
1528 1045 1705 1085 sondern

231 1116 437 1157 entweder
465 1116 540 1155 auf
565 1116 630 1155 die
646 1115 962 1168 Heraufholung
992 1117 1063 1156 des
1083 1117 1281 1157 Cerberus
1310 1116 1371 1156 als
1400 1116 1525 1156 letzte
1546 1114 1703 1163 Arbeit,

232 1186 331 1226 oder
360 1186 433 1225 auf
460 1185 526 1225 die
555 1186 721 1239 Hydra,
753 1186 829 1227 mit
859 1187 931 1225 der
960 1187 1033 1227 der
1062 1187 1233 1227 Dichter
1262 1185 1566 1237 unertragliche
1596 1184 1703 1223 Ehe-

230 1254 442 1305 gattinnen
488 1256 591 1296 auch
631 1259 745 1297 sonet
790 1256 915 1297 &ffers
943 1256 1183 1308 vergleicht.
1258 1255 1376 1299 Quod
1419 1259 1468 1296 ut
1507 1254 1703 1304 refellam,

232 1324 401 1365 Plautus
431 1328 590 1366 tantum
622 1326 779 1366 duobus
808 1326 909 1367 locis
940 1326 1132 1366 feminam
1164 1325 1375 1378 componit
1404 1338 1496 1365 cum
1526 1327 1702 1373 exech-a,

230 1398 354 1447 atque
391 1408 443 1434 ne
483 1395 548 1434 his
592 1395 753 1449 quidem
798 1396 898 1436 locis
938 1395 1091 1435 femina
1131 1399 1194 1436 est
1231 1408 1337 1435 uxor
1365 1394 1700 1442 conviciabunda,

230 1464 300 1503 sed
331 1463 498 1513 ancilla,
527 1465 570 1503 iu
604 1477 724 1521 quam
754 1465 965 1505 invehitur
994 1464 1087 1504 leno
1119 1464 1249 1504 Ballio
1286 1465 1336 1504 cf.
1368 1463 1555 1504 Pseudol.
1589 1465 1699 1512 218„

232 1533 318 1573 Cas.
360 1534 440 1573 III.
484 1536 506 1572 5
520 1565 530 1583 ,
574 1537 639 1573 19.
722 1535 940 1574 Praeterea
982 1538 1113 1574 autem
1158 1546 1351 1573 aerumna
1397 1547 1472 1585 per
1512 1533 1699 1585 Hydram

232 1603 379 1642 effecta
414 1603 573 1643 obtinet
611 1603 734 1643 alium
775 1604 907 1643 locum
920 1634 930 1654 ,
973 1604 1235 1658 quamobrem
1270 1617 1352 1643 non
1395 1606 1531 1655 potest
1569 1602 1700 1642 nomi-

232 1673 320 1712 nari
363 1677 492 1714 sexta.
566 1675 674 1725 Ergo
715 1675 765 1713 de
790 1674 934 1726 Hydra
965 1678 1097 1715 actum
1129 1677 1201 1714 est.
1263 1674 1421 1713 Deinde
1452 1677 1585 1713 autem
1617 1687 1700 1712 non

230 1742 448 1793 intellego,
491 1743 587 1796 quid
634 1744 687 1784 sit
727 1744 836 1797 quod
880 1757 955 1783 nos
991 1743 1207 1796 prohibeat
1257 1756 1309 1783 ne
1349 1745 1506 1783 sextam
1545 1756 1700 1783 aerum·

232 1824 325 1851 nam
363 1825 451 1852 esse
493 1826 671 1865 pugnam
710 1827 799 1854 cum
830 1817 1081 1853 Amazonum
1120 1813 1263 1864 regina
1302 1816 1535 1854 statuamus.
1597 1813 1701 1853 Con—

231 1881 409 1920 feramus
448 1882 552 1922 hanc
593 1883 647 1922 ob
677 1895 835 1922 causam
866 1882 1077 1922 Menaech.
1110 1885 1218 1931 200„
1255 1895 1322 1922 res
1351 1883 1491 1922 eadem
1522 1885 1607 1931 est,
1635 1881 1702 1922 vir

229 1953 386 2001 pugnat
415 1963 506 1990 cum
545 1951 718 2001 femina,
762 1951 826 1992 cui
849 1951 1005 2003 'pallam
1037 1951 1228 2004 surripit,
1265 1954 1389 2005 atque
1430 1952 1532 1992 haec
1560 1962 1700 2004 pugna

230 2023 398 2060 vocatur
428 2020 617 2062 Herculis
646 2033 840 2061 aerumna
869 2020 1139 2074 Hippolytae:

897 2091 1034 2131 Nimio
1065 2105 1140 2143 ego
1169 2092 1276 2131 hanc
1305 2092 1486 2143 periculo

230 2160 417 2213 surrupio
438 2161 571 2201 hodie.
604 2174 693 2201 meo
715 2161 878 2215 quidem
908 2161 1045 2201 animo
1076 2161 1127 2201 ab
1147 2160 1374 2215 Hippolyta
1401 2160 1696 2212 subcingulum,

229 2230 429 2271 Hercules
458 2231 565 2270 haud
595 2244 725 2284 aeque
756 2244 903 2282 magno
933 2245 1125 2285 umquam
1156 2231 1323 2271 abstulit
1350 2230 1533 2282 periculo
1549 2230 1600 2283 ¹).

343 2300 479 2340 Unum
501 2301 723 2341 concedere
745 2314 878 2352 cogor,
911 2313 1153 2355 quamquam
1183 2300 1226 2339 in
1258 2301 1562 2351 comparatione
1592 2301 1697 2341 nihil

227 2370 355 2419 inest,
398 2371 506 2423 quod
544 2384 628 2410 non
656 2372 803 2422 probet
830 2384 1006 2423 pugnam
1054 2384 1144 2410 cum
1173 2369 1422 2421 Hippolyta,
1464 2373 1600 2410 tamen
1632 2376 1695 2411 est

228 2439 308 2479 alia
328 2453 458 2489 causa,
489 2453 570 2494 qua
588 2444 796 2492 permotus
816 2440 987 2480 fortasse
1013 2439 1106 2494 quis
1136 2438 1295 2488 dixerit,
1326 2438 1436 2478 illam
1459 2452 1691 2481 aerumnam

227 2509 348 2549 aliam
368 2509 557 2550 Herculis
579 2523 757 2561 pugnam
778 2523 877 2549 esse.
933 2510 1008 2550 Est
1027 2510 1135 2548 enim
1156 2508 1326 2548 mirifica
1346 2513 1467 2550 sexta
1488 2523 1694 2561 aerumna,

229 2592 320 2619 cum
364 2579 471 2630 apud
512 2591 652 2619 omnes
690 2579 928 2631 scriptores,
972 2579 1044 2632 qui
1087 2579 1135 2618 de
1164 2578 1239 2617 hac
1268 2591 1313 2617 re
1343 2584 1536 2630 egerunt,
1577 2585 1695 2621 sexta

323 2673 358 2711 1)
383 2681 504 2713 nempe
538 2671 604 2703 hoc
637 2670 820 2703 discrimen
853 2671 1090 2712 interpositum
1126 2673 1198 2702 est:
1233 2680 1312 2703 cum
1337 2671 1393 2704 hic
1415 2673 1520 2704 modo
1546 2673 1588 2704 de
1613 2672 1692 2705 sub-

228 2732 326 2771 repto
351 2730 491 2771 cingulo
512 2732 645 2770 agatur,
668 2729 742 2761 mie
764 2729 949 2771 respicitur
972 2729 1086 2762 clades
1109 2728 1332 2771 Hippolytae,
1355 2739 1424 2771 qua
1448 2730 1562 2763 occisa
1582 2734 1645 2763 est.

1353 2786 1414 2829 3*
