1880 3239
783 139 1044 181 -29-

186 245 264 284 diis
294 246 683 296 paratragodumena
712 259 766 285 ex
798 246 949 297 Graeca
978 244 1150 285 historia
1168 240 1351 284 'fabulari
1385 243 1649 284 invenieban-

183 318 262 354 tur.
324 317 381 354 At
401 311 551 355 dixerit
571 316 743 356 fortasse
764 315 978 369 quispiam,
1009 314 1195 368 quamvis
1226 314 1296 367 qui
1318 314 1534 361 adfuerint,
1568 325 1649 351 non

182 384 499 435 penetraverint,
531 398 653 438 quam
685 385 836 434 comice
865 384 1019 424 alludat
1048 388 1169 435 poeta
1208 384 1258 423 ad
1299 397 1365 422 res
1403 382 1649 434 mythologi-

183 453 272 501 cas,
314 458 449 493 tamen
481 454 656 504 tragicos
687 457 828 505 poetas
859 440 1132 498 Romanorum
1162 453 1254 492 illas
1284 452 1442 491 fabulas
1471 455 1657 490 transtu-⁷

182 522 300 571 lisse,
340 536 395 563 ex
433 523 581 577 quibus
620 522 784 563 haurire
823 527 990 574 possent
1021 523 1174 564 comici.
1235 522 1314 563 Sed
1354 533 1444 560 mea
1483 520 1647 573 quidem

190 593 390 636 sententia
412 605 510 632 sana
532 595 667 632 mente
688 593 835 633 haecce
855 592 1111 632 ratiocinatio
1132 592 1379 644 postulatur:
1414 604 1505 629 cum
1528 589 1647 628 Plau-

186 665 255 701 tus
286 661 582 701 comoediarum
615 662 855 714 Graecarum
886 662 1059 713 vestigia
1088 666 1372 715 persequatur,
1405 660 1553 714 quibus
1583 673 1648 699 co-

188 731 293 771 mico
323 731 413 770 usui
444 730 570 771 fuisse
601 732 829 783 tragoedias
858 736 953 771 ‘non
983 731 1238 783 ignoramus,
1282 735 1324 771 et
1352 729 1526 770 Romani
1557 728 1648 768 illas

185 801 415 852 tragoedias
437 801 559 842 etiam
580 802 838 851 transferant,
869 815 923 842 ex
952 802 1101 856 quibus
1122 801 1264 841 Graeci
1295 800 1436 841 comici
1468 812 1647 850 sumpse-

184 874 292 920 runt,
325 871 514 911 Plautina
544 876 678 912 autem
710 873 1100 924 paratragodumena
1128 872 1384 923 reperiantur
1413 870 1457 909 in
1485 868 1648 908 Graecis

183 940 252 980 vel
283 941 457 980 comocis
485 941 552 981 vel
583 941 860 992 scriptoribus,
890 941 979 982 veri
1010 946 1073 981 est
1092 941 1340 981 simillimum
1362 940 1549 978 Plautum
1581 951 1648 976 eas

182 1023 247 1049 res
278 1023 381 1064 quae
412 1014 531 1051 erant
558 1011 601 1050 in
634 1011 797 1051 Graecis
827 1011 1065 1060 comoediis,
1107 1025 1190 1050 non
1233 1024 1286 1050 ex
1316 1008 1534 1061 tragoediis
1566 1008 1647 1046 Ro-

183 1080 312 1119 manis
341 1080 431 1130 ipsa
471 1081 754 1120 observatione
795 1081 1036 1132 sumpsisse,
1079 1094 1221 1121 verum
1261 1094 1315 1119 ex
1352 1079 1452 1130 ipsis
1483 1077 1647 1116 Graecis

181 1149 331 1188 fabulis
362 1149 544 1189 hausisse
576 1163 680 1203 quae
721 1151 756 1190 ei
796 1155 958 1202 praesto
990 1154 1117 1191 erant.
1188 1150 1306 1193 Quod
1347 1146 1518 1198 singulis
1547 1146 1647 1185 locis

180 1220 239 1259 ita
259 1220 421 1270 probari
443 1224 604 1271 potests
619 1224 666 1260 ut
686 1220 938 1274 inquiramus
960 1225 1094 1260 utrum
1116 1221 1505 1272 paratragodumena
1526 1216 1646 1255 Plau-

181 1289 269 1328 tina
298 1289 340 1328 in
372 1288 615 1346 comicorum
647 1290 795 1330 fabulis
820 1290 1062 1331 Graecorum
1084 1291 1359 1338 inveniantur,
1391 1300 1495 1342 quae
1526 1299 1645 1325 nemo

180 1358 409 1409 perspicere
440 1360 575 1410 potuit
604 1360 682 1404 nisi
712 1361 832 1401 homo
856 1359 1043 1408 Graecus,
1075 1373 1216 1399 necne.
1279 1359 1370 1401 Qua
1399 1359 1442 1396 in
1474 1370 1518 1395 re
1549 1368 1644 1393 exa-

180 1427 371 1467 minanda
400 1428 521 1469 liceat
550 1429 730 1479 singulas
759 1428 918 1468 fabulas
957 1442 1191 1480 percurrere
1233 1427 1446 1480 perpaucis
1486 1439 1644 1465 earum-

180 1510 260 1550 que
307 1499 696 1548 paratragodumena
742 1499 993 1538 adumbrare.
1072 1499 1241 1538 Initium
1284 1498 1478 1537 faciamus
1520 1495 1643 1534 velim

182 1568 232 1606 ab
265 1567 618 1607 Menaechmorum
649 1568 807 1616 fabula,
850 1568 1022 1621 adquam
1052 1568 1218 1619 respicit
1246 1567 1516 1617 Kiesslingius
1546 1566 1572 1605 l.
1604 1565 1644 1613 1.,

182 1651 206 1677 a
235 1651 316 1691 quo
347 1638 396 1677 ad
428 1638 532 1677 hanc
560 1651 645 1677 rem
666 1637 946 1688 explicandam
978 1641 1161 1677 ornatum
1196 1650 1284 1677 esse
1315 1649 1378 1675 me
1399 1636 1526 1675 libere
1550 1649 1644 1675 con-

181 1708 310 1747 fiteor.

298 1848 348 1886 Iu
382 1848 827 1887 Menaechmorum
870 1862 929 1887 vs.
971 1849 1217 1887 714-718
1258 1847 1403 1887 mulier
1442 1845 1644 1885 convicia-

180 1917 318 1955 bunda
347 1923 602 1967 comparatur
631 1912 720 1956 cum
753 1917 943 1957 Hecuba:

354 1986 447 2025 Non
478 1990 523 2025 tu
554 1986 644 2035 scis,
676 1986 831 2036 mulier,
863 1987 1073 2026 Hecubam
1106 2000 1187 2040 qua
1216 1990 1384 2038 propter
1415 1997 1567 2032 canem,

355 2055 465 2094 Graii
497 2069 585 2095 esse
616 2055 927 2106 praedicabant?
959 2069 1041 2094 uon
1073 2057 1260 2108 equidem
1292 2056 1388 2095 scio.

357 2123 464 2166 Quia
494 2124 599 2164 idem
631 2125 807 2165 faciebat
838 2124 1019 2173 Hecuba,
1052 2126 1160 2178 quod
1191 2129 1236 2164 tu
1267 2138 1375 2163 nunc
1405 2124 1516 2163 facis.

356 2194 502 2234 Omnia
532 2195 636 2234 mala
664 2195 893 2245 ingerebat,
926 2207 1168 2248 quemquem
1200 2198 1435 2246 aspexerat:

352 2264 500 2317 Itaque
532 2265 630 2303 adeo
662 2264 750 2303 iure
780 2267 962 2314 coeptast
992 2265 1187 2315 appellari
1219 2264 1340 2304 canis.

179 2334 244 2372 Ad
278 2346 396 2386 quam
428 2345 512 2372 rem
545 2338 702 2384 spectat
731 2332 946 2384 Euripides
978 2333 1171 2373 Hecubae
1202 2347 1260 2373 vs.
1301 2336 1430 2374 1265:

461 2397 586 2452 Κύων
616 2398 782 2456 γενήσῃ,
815 2396 933 2453 πύρσ’
964 2400 1107 2452 ἔχουσα
1139 2400 1351 2454 δέργματα.

179 2474 390 2523 praeterea
421 2472 470 2512 cf.
504 2472 642 2524 Eurip.
673 2472 775 2523 frag.
806 2471 949 2512 incert.
979 2474 1067 2512 959
1098 2471 1290 2524 (Nauck.)

290 2566 304 2575 ⁶
455 2535 625 2590 Ἑκάτης
656 2536 812 2593 ἷὶγαλμα
843 2539 1070 2591 φωςφόρου
1102 2537 1212 2580 κύων
1243 2539 1333 2579 ἔσει.

178 2614 263 2650 tum
295 2610 345 2650 cf.
377 2610 586 2662 Aristoph.
616 2611 717 2662 frag.
752 2614 848 2651 535.
880 2624 943 2661 ap.
976 2611 1089 2652 Eust.
1122 2611 1195 2650 Od.
1239 2624 1279 2662 p.
1315 2610 1447 2659 1467,
1483 2611 1534 2650 37
1588 2623 1640 2650 ex

179 2681 372 2732 Euripide
404 2693 662 2732 expressum:
