1880 3245
757 174 1053 218 ..13-

173 279 217 321 ἐν
255 275 428 336 Ἐφεσίῳ
474 276 788 334 Μένανδροςῑ).
859 281 938 322 Sed
957 294 1105 320 -unum
1146 280 1191 319 in
1234 279 1366 319 medio
1409 279 1643 333 relinquere

174 364 306 402 cogor,
337 347 432 390 nani
461 364 551 391 cum
582 351 788 392 mentione
819 351 971 391 securis
1002 350 1212 402 ancipitis,
1244 349 1512 389 Tenediorum
1544 348 1644 389 civi-

174 420 271 462 tatis
301 419 408 471 signi
427 419 498 460 ille
527 420 639 460 locus
659 419 836 472 perspici
855 419 996 471 possit,
1027 432 1076 459 ea
1106 433 1210 473 quae
1240 423 1467 472 sequuntur
1494 419 1643 459 verba:

234 488 365 533 Multa
393 488 493 528 mihi
522 487 717 540 imperas,
751 488 911 540 Apollo.
950 501 1058 528 nunc
1089 501 1216 542 equos
1246 488 1411 541 iunctos
1439 488 1555 527 iubes

231 558 383 609 Oapere
403 570 468 597 me
487 557 717 606 indomitos,
747 557 906 607 ferocis,
936 562 1059 610 atque
1078 558 1124 597 in
1153 570 1314 597 currum
1335 557 1584 605 inscendere,

230 626 287 667 Ut
306 640 381 678 ego
402 628 511 666 hunc
529 630 733 678 proteram
754 627 925 675 leonem,
949 626 1144 675 vetulum,
1175 626 1364 675 olentem,
1394 625 1641 666 edentulum.

172 695 285 736 illam
324 696 502 735 fabulam
540 696 740 747 respicere
757 740 764 748 .
779 695 930 735 'Fennis
969 700 1141 747 possunt
1178 689 1346 746 propter
1387 696 1639 735 nominatum

172 765 425 817 Apollinem,
471 766 578 819 quod
620 769 668 805 ut
697 766 925 806 evincerem
965 778 1018 804 ex
1046 764 1136 816 ipsa
1174 764 1346 813 fabula,¹
1376 764 1529 804 frustra
1569 765 1639 803 ad-

172 836 252 874 huc
297 848 461 886 operam
507 835 669 875 navavi.
738 835 790 874 Ni
831 835 972 883 fallor,
1014 836 1115 874 haec
1157 838 1338 885 spectare
1380 837 1551 885 possunt
1591 834 1640 872 ad

173 904 292 942 aliam
322 903 521 952 fabulam,
563 916 683 956 quam
724 917 798 943 nos
828 903 1057 954 perspicere
1099 915 1182 941 non
1213 915 1448 953 possumus,
1496 915 1585 941 cum
1618 915 1641 940 a

176 972 464 1013 Meneaechmo
494 976 541 1013 ut
569 972 658 1013 viro
689 973 832 1013 insano
868 986 952 1012 non
982 972 1157 1013 dilucide
1187 975 1429 1024 exponatur.

207 1096 209 1098 q
290 1042 340 1081 In
369 1055 491 1083 versu
521 1045 605 1081 900
638 1043 925 1082 Menaechmus
957 1043 1238 1096 conqueritur:

231 1112 344 1156 Quae
375 1125 439 1151 me
469 1112 569 1151 olam
600 1116 712 1153 ratus
741 1126 829 1152 sum
860 1112 1003 1161 facere,
1035 1124 1083 1151 ea
1113 1112 1248 1151 omnia
1277 1111 1344 1151 hic
1375 1112 1473 1152 fecit
1506 1112 1636 1163 palam

231 1182 451 1230 Parasitus,
483 1180 554 1234 qui
584 1194 648 1220 me
679 1181 898 1233 complevit
926 1181 1057 1232 flagiti
1089 1185 1130 1221 et
1157 1181 1398 1232 formidinis,

231 1254 347 1292 Meus
376 1251 518 1291 Ulixes
549 1265 621 1291 suo
653 1251 721 1304 qui
751 1237 837 1302 regi
869 1254 1028 1291 tantum
1059 1250 1237 1291 concivit
1265 1250 1428 1290 malum.

174 1322 263 1365 Quo
284 1320 396 1360 loco:
430 1312 546 1359 Meus
567 1320 727 1360 Ulixes:
756 1321 882 1361 habet
911 1321 1078 1360 eandem
1109 1320 1193 1361 vim
1224 1325 1346 1374 atque
1377 1320 1419 1359 in
1452 1321 1638 1360 Pseudol.

171 1405 230 1432 vs.
265 1394 401 1430 1063:
444 1390 561 1429 Visso
605 1390 700 1443 quid
732 1403 865 1429 rerum
907 1403 1020 1429 meus
1060 1389 1202 1429 Ulixes
1241 1390 1380 1440 egerit.
1450 1391 1553 1429 Nam
1595 1391 1638 1429 in

172 1461 235 1499 his
266 1458 486 1499 enuntiatis
517 1471 588 1509 per
619 1459 889 1511 metonymiae
930 1459 1099 1509 figuram
1143 1458 1277 1498 Ulixis
1322 1459 1474 1499 mentio
1505 1460 1639 1510 posita

172 1533 235 1569 est
263 1542 336 1580 pro
359 1527 466 1567 socio
498 1527 564 1568 vel
584 1528 768 1568 adiutore
791 1541 892 1577 meo,
924 1528 1032 1580 quod
1053 1540 1107 1566 ex
1137 1541 1324 1568 connexu
1345 1529 1636 1568 sententiarum

175 1600 356 1649 apparet.
416 1597 495 1636 Sed
525 1610 650 1635 unum
680 1596 873 1646 addimus,
905 1597 982 1636 hoc
1012 1596 1101 1636 loco
1122 1597 1364 1637 vocabulum
1394 1598 1514 1648 regis,
1546 1611 1637 1636 cum

173 1666 285 1707 Ulixi
327 1680 408 1706 non
461 1669 691 1717 opponatur
739 1679 814 1705 rex
854 1668 1156 1717 Agamemnon,
1206 1667 1324 1706 modo
1378 1667 1637 1707 referendum

173 1750 260 1777 esse
296 1737 345 1776 ad
376 1738 597 1787 parasitum
639 1738 681 1775 et
710 1736 1039 1785 Menaechmum,
1070 1750 1151 1789 quo
1183 1736 1230 1776 fit
1258 1740 1305 1776 ut
1335 1736 1392 1777 sit
1417 1749 1492 1775 rex
1521 1749 1637 1787 para-

168 1806 327 1858 phrasis
378 1805 566 1846 vocabuli
618 1805 792 1856 patroni.
863 1807 999 1859 Atque
1042 1805 1135 1845 talis
1187 1805 1430 1856 significatio
1473 1820 1638 1857 prorsus

170 1876 361 1915 abhorret
390 1876 441 1914 ab
472 1888 548 1914 usu
569 1875 854 1923 Romanorum,
887 1875 957 1927 qui
988 1887 1109 1928 quam
1131 1875 1395 1915 vehementer
1414 1875 1639 1916 vitaverint

171 1957 313 1985 vocem
343 1944 451 1995 regis
494 1944 621 1994 magis
661 1948 802 1984 notum
833 1949 895 1984 est
927 1957 1046 1997 quam
1077 1949 1124 1984 ut
1167 1944 1251 1984 sint
1278 1945 1322 1983 in
1352 1945 1394 1983 id
1425 1945 1543 1996 plura
1573 1959 1637 1985 su-

171 2012 325 2053 menda.
386 2014 436 2052 In
469 2012 636 2053 Graecia
664 2026 773 2062 vero,
805 2014 876 2052 ubi
897 2016 1032 2053 aetate
1049 2026 1178 2054 novae
1209 2013 1438 2053 comoediae
1454 2017 1638 2064 satrapae

171 2087 213 2124 et
251 2096 500 2124 successores
540 2084 646 2134 regis
687 2084 912 2136 Alexandri
953 2096 1069 2134 reges
1112 2084 1426 2124 nominabantur
1473 2085 1523 2123 ab
1565 2084 1637 2132 eis,

172 2167 341 2206 quorum
372 2154 534 2204 patroni
560 2156 697 2204 erant,
729 2153 800 2193 illa
831 2154 1122 2200 consuetudine
1152 2154 1383 2205 appellandi
1415 2153 1475 2192 uti
1506 2153 1635 2191 homi-

269 2372 302 2418 1)
327 2374 487 2406 Fortasse
523 2374 625 2406 etiam
650 2374 715 2406 hoc
738 2377 791 2407 est
824 2374 1021 2406 nonnullius
1044 2373 1226 2413 momenti,
1264 2383 1343 2405 nam
1377 2374 1414 2404 in
1438 2383 1473 2404 v.
1500 2375 1566 2405 842
1594 2373 1636 2405 de

173 2431 388 2472 lampadibus
412 2432 612 2464 ardentibus
635 2432 742 2464 verba
764 2432 869 2473 fiunt,
895 2432 984 2472 quod
1010 2432 1217 2463 vocabulum
1242 2435 1293 2463 est
1317 2431 1466 2463 Graecae
1494 2432 1637 2471 originis

175 2499 284 2530 neque
307 2490 398 2530 apud
421 2490 529 2521 ullum
553 2490 755 2530 scriptorem
780 2490 970 2529 invenitur,
995 2489 1062 2521 nisi
1086 2490 1178 2530 apud
1203 2490 1299 2520 Varr.
1325 2490 1365 2520 R.
1384 2489 1425 2519 R.
1452 2491 1483 2520 3.
1513 2491 1567 2529 18,
1596 2491 1635 2520 9:

175 2557 265 2578 nunc
290 2557 389 2583 cursu
414 2547 574 2587 lampada
596 2546 659 2578 tibi
685 2548 801 2579 trado:
839 2552 873 2579 et
897 2547 985 2587 apud
1022 2547 1158 2578 Lucret.
1197 2549 1228 2578 2.
1255 2549 1319 2578 ⁵19:
1353 2546 1450 2586 quasi
1481 2557 1637 2578 cursores

174 2604 266 2635 vitae
289 2604 447 2645 lampada
472 2604 629 2644 tradunt3
664 2605 724 2636 sed
748 2605 840 2645 apud
872 2604 997 2635 ambos
1013 2605 1196 2651 scriptores
1220 2604 1484 2644 proverbialiter
1508 2605 1636 2635 dictum

175 2665 227 2693 est
250 2666 284 2694 et
308 2663 509 2694 translatum
533 2672 575 2694 ex
600 2661 757 2703 Graecia,
786 2663 846 2695 ubi
869 2664 1009 2694 iuvenes
1034 2666 1068 2693 et
1092 2672 1192 2693 cursu
1217 2666 1251 2693 et
1276 2662 1434 2703 lampade
1458 2663 1637 2694 certabant

175 2721 219 2752 ef.
245 2720 347 2753 Jahn.
375 2721 418 2752 ad
441 2722 536 2753 Pers.
562 2721 624 2754 vl.
652 2723 707 2754 οι.
908 2710 911 2714 ’
