1880 3245
807 163 1096 207 -33-

219 267 548 312 Travolaverunt
577 266 627 308 ad
657 267 801 309 hostis.
862 267 963 309 'l'um
993 267 1063 309 ille
1094 271 1336 322 prognatust
1366 268 1511 320 Theti,

222 339 321 379 Sine
351 337 515 390 perdat:
545 337 626 377 alia
655 338 932 390 adportabunt
959 339 1082 379 Nerei
1115 340 1153 380 ei
1184 339 1307 380 filiae.

328 409 471 461 'Atque
492 407 668 460 primum
689 407 852 462 quidem
877 395 1038 450 versum
1061 412 1115 449 32
1146 409 1282 450 redire
1311 409 1362 448 ad
1393 409 1685 462 lepidissimam

218 476 389 517 Homeri
421 477 471 517 de
501 476 730 529 tripodibus
760 477 959 528 fabulam,
999 478 1080 518 iam
1111 479 1262 519 dudum
1301 478 1565 520 intellexerat
1594 480 1687 518 Mu-

217 550 331 588 retus
372 546 421 588 V.
463 546 491 588 l.
534 546 590 588 X.
636 550 711 588 10:
758 542 805 587 τοὶ
842 541 1182 599 Ἡφαιστότευκτα
1221 549 1464 603 plerumque
1506 548 1687 589 animata

218 620 355 657 erant:
398 620 445 657 ut
483 616 544 657 illi
585 616 788 670 tripodes,
829 618 878 658 de
918 618 1065 672 quibus
1110 620 1217 671 apud
1248 618 1513 660 Aristotelem
1552 618 1685 670 primo

217 686 485 727 Politicorum
497 717 509 737 ,
562 700 665 741 quos
709 687 768 727 ait
807 687 1011 728 Homerus
1050 683 1312 739 αὐτομάτους
1350 690 1468 728 θεῖον
1511 685 1686 727 δυέσθαι

221 751 376 810 ἀγῶνα,
407 756 489 807 legi
520 760 668 809 potest.
729 757 890 799 Deinde
918 759 1044 799 Nerei
1075 758 1181 799 filias
1211 758 1364 800 Achilli
1396 771 1510 799 arma
1539 759 1685 810 adp'or-

216 826 390 876 tavisse,
442 827 590 881 quibus
632 826 858 869 instructus
899 828 943 869 in
989 828 1141 869 bellum
1183 829 1391 881 profectus
1431 832 1518 878 est,
1567 829 1687 868 docet

216 897 421 938 canticum
457 897 598 951 Eurip.
629 897 779 941 Electr.
810 898 956 952 (442):

496 966 687 1024 Νηρῇδες
717 964 753 1007 δ’
787 962 998 1020 Εὐβοῖδας
1027 963 1155 1015 ἀκτὰς
1183 969 1374 1008 λιποῦσαι

491 1032 712 1087 Ἡφαίστου
741 1036 920 1091 χρυσέων
950 1033 1143 1090 ἀκμόνων

495 1101 681 1158 μόχθους
711 1101 909 1154 &entenic
941 1105 1090 1161 ἔφερον
1120 1103 1287 1160 nezem·
1318 1121 1402 1163 eqs.

214 1176 329 1216 Haec
368 1176 458 1228 ipsa
498 1190 611 1217 arma
641 1177 833 1218 induerat
862 1177 1076 1218 Patroclus
1106 1183 1231 1232 atque
1262 1178 1507 1231 perdiderat.
1568 1179 1678 1228 Ergo

213 1250 336 1299 poeta
365 1260 457 1286 cum
488 1247 590 1287 dicit
621 1247 715 1287 ‘alia
745 1245 1044 1300 adportabunt',
1079 1248 1249 1301 respicit
1278 1249 1328 1288 ad
1359 1248 1472 1288 illam
1501 1247 1680 1301 priorem

213 1317 433 1358 Nereidum
474 1317 775 1370 expeditionem
820 1321 945 1372 atque
983 1321 1122 1370 putat,
1172 1319 1278 1372 quod
1321 1322 1443 1358 antea
1483 1317 1679 1358 Nereides

213 1400 325 1427 arma
354 1390 634 1439 portaverunt,
665 1400 732 1427 eas
763 1387 910 1427 iterum
941 1387 1015 1427 illa
1044 1400 1152 1429 nova
1181 1400 1294 1427 arma
1323 1387 1522 1428 attulisse.
1586 1387 1676 1431 Quo

211 1456 300 1496 ioco
332 1456 450 1496 modo
481 1456 550 1496 ille
581 1455 642 1496 uti
672 1455 829 1507 potuit,
872 1456 941 1510 qui
983 1460 1111 1496 totam
1141 1456 1261 1496 istam
1302 1456 1483 1497 fabulam
1512 1459 1675 1509 praesto

211 1527 378 1578 habuit,
410 1526 519 1579 quod
550 1539 575 1565 a
604 1526 749 1565 Plauto
779 1525 1001 1577 impetrare
1032 1525 1259 1579 nequimus,
1291 1539 1433 1566 verum
1463 1539 1488 1565 a
1518 1526 1674 1566 Graeco

211 1599 353 1647 poeta,
398 1608 519 1649 quem
548 1608 632 1635 non
662 1594 790 1646 fugit,
837 1594 960 1635 talem
991 1594 1268 1635 narrationem
1297 1595 1405 1647 apud
1436 1595 1676 1648 Euripidem

212 1669 386 1706 exstare.
446 1665 538 1705 Hac
566 1664 694 1714 igitur
722 1678 768 1705 re
804 1669 992 1718 apparet,
1023 1664 1143 1705 nobis
1175 1677 1386 1705 occurrere
1418 1666 1524 1718 apud
1555 1665 1676 1705 Plau-

212 1738 299 1775 tum
329 1749 396 1775 res
425 1733 620 1776 Romanis
661 1733 825 1775 omnino
862 1734 1043 1785 ignotam
1086 1737 1210 1788 atque
1241 1734 1435 1775 Goetzius
1463 1735 1490 1775 1.
1514 1734 1542 1777 1.
1572 1735 1675 1776 falso

212 1804 368 1845 iudicat
393 1818 484 1845 cum
504 1808 656 1855 censet,
687 1807 848 1857 poetam
869 1803 1050 1844 alludere
1070 1804 1135 1843 his
1156 1804 1342 1844 versibus
1363 1818 1463 1855 rem,
1495 1818 1599 1859 quae
1629 1811 1677 1844 ut

212 1875 331 1916 nobis
361 1875 503 1925 ignota
533 1878 607 1924 est,
638 1874 698 1914 ita
727 1873 799 1914 illo
830 1877 1014 1926 tempore
1045 1874 1264 1914 multorum
1286 1874 1330 1913 in
1354 1888 1424 1914 ore
1445 1874 1582 1924 fuerit,
1614 1879 1674 1915 at-

211 1958 289 1998 que
320 1958 403 1985 non
434 1945 522 1984 sine
552 1944 691 1998 aliqua
718 1944 973 1984 dubitatione
1001 1944 1046 1984 in
1078 1947 1210 1985 castra
1229 1943 1480 1984 Schmiederi
1512 1944 1673 1993 transit,

210 2014 281 2069 qui
320 2014 441 2054 dicit:
487 2014 648 2064 Gaium,
692 2013 860 2067 opinor,
902 2014 1139 2055 Terentium
1182 2014 1407 2054 Varronem
1449 2014 1493 2053 iu
1535 2019 1673 2055 mente

206 2086 353 2135 habet,
405 2084 530 2125 cladis
574 2084 797 2125 Cannensis
846 2087 1054 2124 auctorem
1104 2083 1372 2124 temerarium.
1448 2083 1525 2123 Sed
1575 2084 1671 2125 vide

210 2167 329 2208 quam
359 2167 452 2195 raro
478 2158 621 2207 poetae
651 2157 745 2207 post
765 2153 967 2195 Naevium
989 2153 1033 2193 in
1055 2154 1271 2195 comoediis
1293 2165 1488 2206 personas
1507 2166 1673 2204 aggres-

178 2260 182 2265 .
207 2225 241 2264 si
274 2224 378 2276 sint;
422 2224 520 2278 quid
552 2223 728 2277 denique
758 2223 802 2263 in
833 2223 916 2263 illis
945 2223 1133 2265 versibus
1164 2227 1248 2270 est,
1291 2222 1399 2275 quod
1430 2222 1550 2262 nobis
1579 2236 1672 2274 per-

206 2295 394 2346 suadeat,
442 2295 549 2335 hanc
578 2308 664 2335 rem
694 2292 873 2347 respici?
932 2295 1061 2335 Immo
1092 2294 1142 2334 ad
1185 2291 1396 2342 historiam
1440 2292 1668 2334 fabularem

206 2370 293 2406 tota
331 2379 397 2406 res
427 2365 641 2404 referenda
682 2368 762 2412 est,
801 2377 896 2404 nam
938 2365 1057 2405 modo
1097 2364 1146 2404 de
1186 2362 1346 2403 Achille
1383 2365 1511 2405 verba
1550 2364 1664 2404 fiunt.

203 2436 342 2489 Atque
372 2448 418 2476 re
447 2447 546 2476 vera
574 2447 687 2474 arma
715 2433 940 2487 perdidisse
971 2447 1107 2474 nonne
1140 2432 1288 2473 Achilli
1337 2436 1427 2473 erat
1467 2447 1550 2474 non
1593 2447 1663 2486 op-

204 2504 402 2556 probrio?
444 2505 631 2544 Ceterum
652 2503 860 2553 Nereides,
887 2516 991 2557 quae
1013 2502 1163 2544 Achilli
1185 2515 1297 2542 arma
1316 2503 1564 2557 adportant„
1581 2518 1661 2543 non

204 2574 330 2615 semel
359 2574 494 2627 pictae
524 2577 619 2613 sunt
648 2573 691 2613 in
723 2575 833 2615 vasis
866 2574 916 2614 cf.
949 2573 1126 2627 exempli
1156 2573 1289 2624 gratia
1320 2573 1544 2616 Overbeok.
1574 2588 1663 2614 mo-

202 2657 310 2684 num.
342 2644 493 2685 heroic.
525 2644 606 2684 tab.
638 2643 799 2693 XVIII,
834 2646 900 2683 13.
930 2644 1013 2684 tab.
1043 2643 1181 2691 XVII,
1218 2645 1253 2683 1.

1355 2788 1378 2823 3
