1880 3245
803 184 1097 228 -24-

320 289 451 330 Versu
477 292 558 329 156
593 290 799 331 minitanti
834 290 1137 332 adulescentulo
1158 292 1378 343 respondet
1398 291 1677 344 paedagogus:

381 360 458 399 Pol
488 362 626 401 metuo
656 360 796 411 magis,
828 373 880 400 ne
912 360 1102 401 Phoenix
1117 360 1214 401 tuis
1241 361 1362 402 factis
1390 362 1502 403 fuam

379 428 518 483 Teque
549 430 598 469 ad
630 433 787 482 patrem
817 433 1021 471 mortuum
1051 430 1294 471 renuntiem.

321 499 539 540 Phoenicis
560 500 726 548 mentio,
757 499 955 540 adiutoris
985 503 1027 540 et
1057 500 1217 541 comitis
1237 500 1422 550 Achillis,
1454 502 1552 542 satis
1582 505 1681 542 nota

205 583 259 609 ex
297 568 413 609 Iliad.
455 570 488 609 Ι.
535 571 617 609 448
663 583 759 624 eqs.,
814 570 858 610 P.
903 572 984 609 555
1027 582 1124 624 eqs.‚
1177 571 1222 611 B.
1266 573 1347 610 681
1393 584 1478 625 eqs.
1544 573 1681 626 Atque

203 640 319 679 illum
363 640 487 679 Peleo
518 639 690 680 Achillis
732 643 903 680 mortem
942 640 1194 682 nuntiavisse
1232 644 1402 692 apparet
1443 654 1497 681 ex
1539 654 1587 681 ea
1624 655 1679 691 re,

211 710 320 763 quod
351 709 396 748 in
428 703 588 755 νόστοις
618 710 808 750 Phoenix
838 723 928 750 cum
958 710 1228 761 Neoptolemo
1270 710 1314 750 in
1344 711 1516 762 patriam
1545 722 1682 752 rever-

209 792 278 819 sus
307 778 365 818 ibi
397 778 581 830 sepultus
612 791 700 818 esse
731 779 872 819 fertur.

326 848 378 888 In
409 862 531 890 versu
564 851 643 889 241
670 850 890 904 Chrysalus
920 862 1062 891 servus
1091 849 1336 890 Nicobulum
1366 863 1517 899 senem,
1546 862 1571 890 a
1601 863 1682 903 quo

209 933 251 959 se
274 921 488 970 argentum
503 918 733 960 ablaturum
755 933 843 960 esse
864 923 1011 971 sperat,
1034 923 1242 971 comparat
1261 932 1352 959 cum
1374 920 1500 960 ariete
1517 919 1683 960 Phrixi:

207 988 328 1028 adibo
348 989 471 1037 hunc,
503 976 624 1042 quem
646 988 811 1042 quidem
831 1002 906 1039 ego
926 988 1047 1028 hodie
1067 988 1213 1028 faciam
1232 988 1300 1028 hic
1321 989 1488 1029 arietem
1516 988 1685 1029 Phrixi:

210 1060 334 1111 atque
354 1058 432 1097 hoc
462 1057 629 1109 respicit
657 1058 836 1097 fabulam
859 1058 1022 1098 Graecis
1052 1058 1316 1107 notissimam,
1346 1071 1468 1111 quam
1496 1057 1685 1098 Plautum

209 1141 292 1167 non
325 1140 379 1166 ex
395 1140 468 1166 suo
497 1126 677 1178 ingenio,
709 1128 778 1167 sed
801 1140 855 1167 ex
885 1127 1112 1179 exemplari
1135 1127 1289 1167 Graeco
1312 1126 1426 1166 nulla
1456 1140 1500 1167 re
1531 1129 1685 1167 mutata

211 1197 452 1248 sumpsisse,
494 1196 576 1235 iam
619 1196 714 1236 inde
757 1196 983 1247 colligitur,
1032 1197 1140 1250 quod
1171 1196 1276 1235 nihil
1305 1195 1537 1247 explicandi
1569 1208 1688 1235 causa

212 1265 395 1306 additum
438 1268 512 1306 est.
585 1266 689 1305 Nam
738 1278 902 1306 censere
948 1266 1139 1306 debemus
1178 1265 1383 1306 Romanos
1421 1278 1504 1305 non
1548 1264 1684 1305 statim

215 1338 378 1388 praesto
409 1335 612 1385 habuisse,
644 1336 810 1376 arietem
832 1336 979 1375 Phrixi
1013 1348 1178 1375 aureum
1210 1335 1347 1375 fuisse.
1407 1334 1539 1374 Simili
1567 1335 1686 1374 modo

213 1406 328 1445 nulla
356 1419 401 1445 re
422 1405 654 1458 explicandi
676 1419 796 1446 causa
815 1405 972 1446 adiecta
1001 1405 1106 1446 ludit
1127 1404 1438 1445 Anaxandrides
1468 1404 1513 1443 in
1541 1402 1683 1444 fabula

208 1471 424 1515 Ὀδυσσεῖ.-

301 1538 417 1597 ὗμεῖς
446 1539 523 1598 γὰρ
555 1538 750 1595 ἀλλήλους
780 1539 844 1583 ἀεὶ
875 1538 1079 1596 χλευάζετ’,
1110 1536 1192 1583 οἷδ’
1229 1536 1429 1597 ἀκριβῶς·
1461 1571 1611 1583 ......

306 1608 481 1665 ὑφείλετ’
509 1609 612 1666 ὄίρνα
642 1611 836 1665 ποιμένος
866 1613 1033 1663 παίζων,
1064 1608 1225 1666 Ἀτρεύς
1256 1608 1432 1664 ἐκλήθη·

308 1679 380 1725 ἐὰν
410 1682 538 1737 κρίον,
574 1681 737 1737 Φρίξος,
767 1677 819 1721 ἄν
847 1678 1053 1736 κωδάριον
1080 1677 1231 1722 Ἰάσων.

334 1755 384 1793 In
415 1768 536 1795 versu
568 1754 651 1794 275
683 1753 907 1794 Nicobulus
937 1753 1141 1805 hospitem
1171 1765 1375 1802 accusans,
1408 1752 1516 1805 quod
1547 1764 1691 1791 aurum
1738 1775 1740 1777 ·

220 1825 412 1865 Nicobuli
443 1827 659 1874 averterat,
689 1824 807 1865 dicit:

398 1895 605 1946 Deceptus
636 1908 747 1934 sum:
777 1893 981 1933 Antoluco
1012 1892 1164 1944 hospiti
1186 1905 1327 1932 aurum
1358 1891 1521 1931 credidi.
1639 1932 1644 1936 .

342 1965 424 2008 Qui
456 1964 685 2017 Autolycus
727 1964 836 2003 filius
866 1964 1057 2003 Mercurii
1088 1967 1256 2015 propter
1286 1966 1393 2003 artes
1421 1962 1580 2002 furaces
1616 1962 1697 2001 iam

224 2038 346 2076 notus
375 2034 587 2076 invenitur
616 2034 661 2073 in
692 2033 888 2087 Odyssiae
926 2033 968 2072 T.
1002 2035 1107 2073 394:

816 2096 898 2154 μετ’
929 2097 1174 2142 Αὐτόλυκόν
1205 2114 1246 2140 τε
1276 2098 1346 2140 καὶ
1376 2093 1483 2148 υἷας,

374 2169 531 2228 μητρὸς
561 2171 633 2224 ἑῆς
662 2169 798 2227 πατέρ’
836 2167 996 2223 ἐσθλὸν,
1028 2167 1074 2218 ὃς
1107 2165 1361 2223 ἀνθρώπους
1395 2166 1583 2209 ἐκέκαστο

375 2241 628 2301 κλεπτοσύνῃ
658 2239 705 2282 θ’
741 2238 907 2298 ὅρκῳτε.

228 2317 446 2356 Praeterea
474 2314 702 2367 Autolycus
746 2317 952 2368 tamquam
999 2324 1177 2364 proavus
1219 2310 1352 2350 furum
1385 2310 1627 2351 describitur
1655 2310 1700 2349 in

227 2387 345 2427 Iliad.
381 2384 431 2424 Κ.
464 2384 546 2424 267
562 2399 572 2424 z

443 2484 451 2493 .
471 2485 509 2494 ..
545 2449 780 2500 Αὐτόλυκος
810 2448 982 2493 πυκινόν
1014 2447 1144 2503 δόμον
1174 2444 1452 2503 ἀντιτορήσας.

231 2528 280 2569 cf.
321 2526 489 2566 Hesiod.
542 2524 687 2575 fragm·
733 2523 812 2576 (ed.
855 2523 1023 2574 Goettl.)
1069 2525 1136 2561 96.
1179 2520 1313 2561 Tzetz.
1357 2520 1563 2572 Lycophr.
1606 2521 1704 2557 344.

230 2595 410 2637 κλέπτων
444 2590 520 2647 γάρ
551 2592 707 2640 ’ἵππους
736 2606 777 2632 τε
807 2591 875 2632 καὶ
907 2589 1011 2644 βοάς
1040 2589 1110 2631 καὶ
1147 2589 1314 2641 ποίμνια
1354 2584 1429 2636 τοὶς
1468 2585 1700 2641 σφραγῖδας

231 2663 367 2709 αὐτῶν
421 2663 622 2718 μετεποίει
671 2660 742 2704 καὶ
791 2657 989 2703 ἐλάνθανε
1044 2655 1141 2708 τούς
1189 2655 1387 2707 δεσπότας
1436 2654 1596 2705 αὐτῶν,
1647 2650 1705 2703 ὥς

234 2750 336 2790 φησι
364 2735 435 2777 καὶ
463 2731 673 2782 Ἡσίοδος·
