1880 3245
796 169 1088 214 -32-

200 272 400 313 sidionem
433 273 740 314 celeberrimam
761 274 962 328 Sicyonis,
995 289 1115 331 quam
1135 288 1244 316 anno
1268 280 1350 318 303
1382 277 1450 320 vel
1468 280 1564 332 post
1582 290 1675 319 eum

197 357 352 383 annum
383 344 511 383 fuisse
542 345 624 386 iam
656 346 896 398 Droysenus
928 348 1041 399 (hist.
1075 348 1215 388 Graec.
1248 349 1284 387 Ι.
1320 350 1354 388 1.
1386 362 1453 401 pg.
1486 348 1589 400 507)
1634 352 1675 388 et

202 413 411 453 Usenerus
441 414 638 466 (Symbol.
668 415 812 467 philol.
837 416 954 455 Bonn
985 431 1026 470 p.
1053 416 1154 471 592)
1185 417 1422 458 docuerunt.
1485 418 1576 463 Qua
1607 419 1676 458 ob-

203 482 363 523 sidione
407 485 458 523 ab
492 485 700 535 Antigono
742 498 839 536 rege
881 487 991 526 facta
1031 487 1093 526 illi
1137 487 1276 527 oculus
1318 487 1526 539 catapulta
1570 487 1677 528 ictus

198 556 272 602 est,
306 554 357 594 cf.
381 554 539 593 Aelian.
574 555 620 593 V.
646 555 702 596 H.
738 555 839 604 XII,
877 558 949 605 133
982 562 1232 611 quapropter
1266 552 1494 604 Κύκλωπος
1524 568 1676 608 cogno-

203 623 315 662 mine
344 637 442 662 usus
473 628 557 674 est,
604 626 713 678 quod
746 626 913 665 Graecis
955 627 1144 667 omnibus
1183 630 1325 668 notum
1364 627 1453 667 loco
1485 626 1675 667 Plautino

200 693 431 745 respicitur.
493 695 604 744 Ergo
635 695 714 735 hoc
745 695 925 736 Graecae
957 696 1129 746 originis
1161 700 1234 738 est.

320 834 501 874 Fabulae
522 835 745 888 Epidici
777 849 884 877 vers,
903 836 956 875 27
975 848 1059 890 eqs.
1082 836 1280 877 Thesbrio
1312 851 1453 879 servus
1485 851 1537 878 ex
1566 837 1675 877 bello

203 917 394 945 reversus
426 904 485 945 sic
518 904 767 960 colloquitur
798 919 890 946 cum
919 906 1091 958 Epidico
1121 906 1337 948 familiari:

722 976 802 1015 Ubi
833 989 948 1015 arma
979 980 1076 1016 sunt
1104 977 1396 1030 Stratippocli?

266 1044 339 1083 Pol
362 1043 435 1085 illa
465 1045 516 1085 ad
537 1045 677 1085 hostes
697 1046 1036 1096 transfugerunt?
1067 1046 1274 1087 Armane?
1319 1049 1455 1101 Atque
1488 1047 1676 1100 equidem

1285 1115 1380 1156 cito.

265 1183 434 1224 Serione
467 1184 568 1224 dicis
598 1183 734 1227 istuc?
793 1185 908 1226 Serio
939 1186 1130 1240 inquam:
1165 1187 1305 1227 hostes
1336 1187 1491 1226 habent
1508 1186 1558 1239 ¹).

206 1258 273 1293 30.
298 1254 455 1306 Edepol
476 1254 636 1294 facinus
656 1255 912 1307 improbum!
943 1258 1000 1295 At
1019 1256 1100 1296 iam
1122 1260 1218 1296 ante
1248 1257 1319 1297 alii
1339 1258 1527 1297 fecerunt
1554 1256 1677 1295 idem.

201 1324 293 1363 Erit
323 1324 386 1363 illi
418 1324 490 1362 illa
521 1338 586 1364 res
617 1325 777 1364 honori.
843 1324 953 1369 Qui?
985 1324 1092 1369 Quia
1122 1331 1245 1366 antea
1275 1325 1427 1368 Achilli
1458 1326 1538 1365 fuit
1553 1324 1605 1377 2).

202 1394 417 1443 Mulciber,
450 1395 583 1443 credo,
615 1408 727 1434 arma
757 1395 867 1444 fecit,
899 1408 1004 1448 quae
1035 1396 1181 1436 habuit
1211 1396 1528 1448 Stratippocles:

305 1560 341 1597 1)
365 1561 466 1596 atque
491 1566 612 1587 versus
642 1558 778 1588 29—31
806 1557 915 1587 voluit
939 1557 1160 1596 transponere
1185 1556 1224 1588 G.
1244 1557 1403 1588 Goetzius
1426 1557 1461 1587 in
1486 1557 1673 1587 dissertat:

203 1615 358 1655 symbola
384 1615 499 1646 critica
524 1613 567 1644 ad
591 1614 721 1653 priores
748 1609 859 1644 Plauti
884 1614 1027 1653 fabulas,
1054 1614 1189 1654 Lipsiae
1209 1615 1297 1647 18⁷⁷
1324 1625 1357 1655 p.
1384 1616 1428 1647 42
1456 1624 1538 1654 eqs.,
1566 1623 1674 1653 neque

203 1676 314 1704 autem
332 1673 487 1704 omnibus
506 1672 807 1710 consentientibus,
833 1682 911 1703 nam
935 1673 1025 1712 quod
1044 1671 1204 1703 Goetzius
1229 1666 1300 1704 tum
1322 1672 1406 1704 dixit
1422 1675 1557 1703 auctore
1574 1672 1675 1703 Reiu-

202 1732 323 1762 hardto
356 1731 391 1761 in
417 1730 629 1761 Fleckeiseni
666 1730 755 1760 Nov.
783 1739 861 1760 ann.
887 1732 956 1762 vol.
986 1732 1050 1762 111
1089 1728 1131 1773 (a.
1161 1728 1265 1771 1875)
1302 1740 1335 1771 p.
1362 1731 1450 1769 199,
1490 1729 1675 1762 abhorrere

207 1799 328 1820 versus
353 1789 397 1821 35
424 1798 494 1828 eqs.
521 1797 541 1818 a
566 1789 678 1819 colore
704 1797 820 1818 eorum
844 1789 901 1828 qui
925 1788 1152 1828 praecedunt,
1188 1788 1223 1818 in
1249 1788 1405 1820 editionis
1430 1787 1569 1827 praefat.
1596 1797 1673 1828 pag.

211 1847 313 1877 XXII
336 1846 543 1887 pronuntiat,
569 1846 629 1876 illo
653 1848 727 1876 loco
751 1845 774 1875 i.
801 1854 829 1876 e.
855 1845 899 1876 in.
931 1836 1020 1877 vers.
1039 1846 1082 1876 35
1110 1854 1179 1885 eqs.
1204 1846 1329 1877 rectius
1353 1846 1394 1877 de
1418 1845 1677 1886 interpolatione

208 1906 350 1945 cogitari
375 1904 542 1945 Seyfferto
568 1904 672 1942 duce,
711 1913 790 1934 nam
815 1903 962 1942 perbene
994 1906 1136 1943 possunt
1159 1902 1277 1935 abesse
1309 1904 1357 1934 illi
1383 1913 1500 1935 versus
1527 1905 1676 1936 35—36.

207 1964 362 1994 Turbant
387 1963 476 1994 enim
502 1973 538 1994 re
563 1972 646 1994 vera
671 1971 858 1993 connexum
884 1961 1133 2000 sententiarum,
1160 1971 1235 1992 cum
1259 1962 1364 1993 illud:
1388 1962 1511 1994 desiste
1535 1972 1674 2002 percon-

207 2022 333 2053 tarier:
360 2021 518 2061 respiciat
534 2020 712 2061 Epidicum
736 2023 837 2060 atque
862 2020 1045 2060 significet:
1071 2020 1229 2060 quoniam
1252 2022 1289 2051 tu
1312 2020 1386 2061 ipse
1409 2023 1509 2061 putas
1534 2021 1676 2062 Stratip-

206 2081 338 2121 poclem
362 2079 484 2111 iterum
509 2089 603 2110 arma
628 2079 790 2119 accipere,
815 2078 931 2110 desine
956 2088 1127 2118 quaerere,
1141 2077 1211 2117 2ubi
1236 2079 1304 2111 sint
1329 2088 1443 2121 arma3
1470 2088 1578 2118 neque
1607 2079 1679 2110 ulla

205 2138 240 2169 in
265 2149 301 2170 re
325 2138 546 2177 coniungatur
571 2147 646 2168 cum
671 2137 729 2168 illo
754 2137 992 2168 antecedente:
1028 2140 1065 2167 tu
1096 2136 1191 2176 ipse,
1230 2137 1289 2167 ubi
1313 2136 1430 2174 lubet,
1468 2137 1568 2167 finem
1593 2137 1675 2168 face.

206 2196 338 2228 Deinde
363 2199 475 2227 autem
514 2197 691 2228 molestum
729 2195 863 2227 videtur
889 2194 1048 2234 Goetzio,
1086 2195 1174 2234 quod
1199 2194 1363 2235 Thesprio
1399 2205 1432 2226 v.
1460 2197 1504 2227 32
1539 2195 1583 2226 ad
1606 2204 1679 2226 rem

206 2263 309 2294 qnam
334 2254 432 2285 modo
458 2254 662 2291 absolverat,
687 2253 794 2293 redit3
819 2254 879 2284 sed
904 2253 988 2284 haec
1020 2262 1096 2283 mea
1120 2252 1255 2291 quidem
1280 2253 1446 2283 sententia
1470 2253 1554 2283 nibil
1577 2252 1679 2284 habet

206 2313 351 2354 mirum:
377 2322 455 2343 nam
480 2312 514 2343 in
539 2322 590 2343 vs.
610 2312 745 2344 28—31
774 2311 939 2352 exposuit,
965 2321 1033 2343 non
1057 2314 1156 2351 turpe
1181 2320 1255 2342 esse
1271 2320 1365 2342 arma
1381 2311 1533 2352 perdere,
1558 2311 1678 2343 deinde

206 2383 241 2405 v.
269 2374 313 2405 32
338 2371 487 2403 declarat
500 2393 508 2409 ,
546 2371 712 2409 quomodo
746 2370 819 2401 fieri
854 2370 979 2410 possit,
1017 2373 1054 2400 ut
1087 2379 1181 2400 arma
1206 2368 1422 2410 Stratippocli
1456 2370 1677 2402 transvolent.

207 2431 300 2470 Ergo
326 2431 488 2468 quantum
514 2436 577 2466 ego
602 2428 735 2466 quidem
751 2427 867 2459 videre
891 2438 1040 2468 possum,
1065 2426 1150 2458 nihil
1174 2430 1235 2467 cst,
1260 2437 1319 2459 cur
1343 2430 1606 2469 transponantur
1628 2427 1679 2459 illi

206 2499 339 2527 versus,
365 2487 521 2527 quamvis
546 2485 680 2524 Hasper
705 2485 739 2515 in
765 2486 949 2517 coniectan.
975 2487 1018 2516 ad
1036 2485 1133 2525 Epid.
1160 2495 1215 2525 pg.
1243 2488 1285 2518 10
1311 2487 1446 2526 (Dresd.
1476 2487 1565 2518 1882
1591 2489 1678 2525 prg.)

208 2547 256 2591 eis
280 2546 477 2578 offendatur.

305 2602 339 2649 2)
367 2603 457 2643 quod
484 2602 714 2643 Kiesslingius
750 2601 896 2641 perbene
922 2601 1065 2633 coniecit
1095 2602 1182 2633 Mus.
1204 2602 1310 2634 Rhen.
1351 2604 1417 2635 vol.
1446 2604 1501 2634 24.
1535 2602 1677 2642 p.·119,

209 2672 284 2692 cum
319 2666 396 2693 ante
429 2662 527 2692 illum
564 2671 635 2692 rem
669 2669 737 2691 non
764 2663 868 2691 totam
899 2660 1065 2700 tetigisset
1087 2660 1238 2692 Muretus
1262 2661 1342 2695 Var.
1369 2663 1445 2693 lect.
1470 2660 1514 2700 X,
1542 2662 1595 2697 10,
1621 2660 1679 2700 qui

208 2720 243 2751 in
269 2730 370 2751 versu
397 2722 441 2752 30
466 2728 528 2760 pro
554 2719 631 2751 aliis
655 2718 799 2751 inseruit
822 2718 942 2749 Achili.
