1880 3245
797 154 1091 197 ..50—

205 259 377 300 ineunte
419 272 541 300 scena
571 263 770 300 memorat
801 260 1071 311 Mercurium,
1117 260 1186 315 qui
1219 261 1387 301 nuntius
1418 260 1532 303 Iovis
1563 260 1680 315 quasi

206 334 418 382 protector
446 331 629 371 omnium
659 330 898 370 nuntiorum
928 334 1011 370 est:

452 400 694 449 Mercurius,
725 399 838 439 Iovis
870 400 940 453 qui
972 399 1140 439 nuntius
1168 399 1419 451 perhibetur.

204 471 259 509 Et
288 469 333 508 in
363 470 561 522 Aeschyli
595 470 872 519 Agamenonis
903 470 1139 509 narratione
1171 470 1326 518 nuntii,
1360 474 1579 522 postquam
1609 469 1680 507 ille

205 538 303 577 deos
334 539 492 589 patriae
522 538 728 588 salutavit,
760 539 863 578 haec
892 539 1019 579 verba
1051 538 1341 579 inveniuntur:

487 603 557 648 τόν
586 604 623 647 τ’
658 604 756 659 έμόν
785 604 980 661 τιμάορον

486 672 650 730 Ἑρμῆν,
681 677 800 728 φίλον
830 673 1006 731 κήρυκα,
1037 673 1228 732 κηρύκων
1258 675 1390 729 σέβας.

208 749 398 787 Ceterum
430 748 556 789 ‘Iovis
598 748 666 802 qui
712 748 881 787 nuntius
924 746 1173 800 perhibetur'
1216 752 1279 787 est
1310 743 1410 793 Διὸς
1441 741 1605 798 ἅγγελος
1635 745 1679 783 in

204 817 347 869 Eurip.
378 818 515 869 Iphig.
546 817 642 858 Aul.
682 821 809 857 1303:

685 882 795 938 ’Ἡρα
824 880 869 924 θ’
897 880 1048 938 Ἑρμᾶς
1076 883 1133 934 θ’,

701 949 726 994 ὅ
757 950 859 1001 Διός
890 950 1065 1008 ἅγγελος.

322 1024 474 1063 Electr.
507 1026 588 1063 461

659 1088 760 1139 Διός
790 1087 942 1148 ἀγγέλῳ
982 1089 1057 1132 σύν
1085 1087 1227 1148 Ἑρμᾷ.

327 1164 375 1201 In
420 1176 543 1202 versu
575 1165 659 1202 649
692 1176 798 1201 unus
839 1176 891 1202 ex
922 1176 1091 1202 numero
1123 1176 1334 1203 servorum
1376 1161 1580 1213 Pamphili
1619 1174 1681 1200 re-

209 1245 352 1272 versus
384 1232 534 1270 salutat
564 1231 739 1282 patriam
769 1232 848 1271 hoc
879 1233 1023 1271 modo:
1172 1225 1175 1228 ¹

417 1301 580 1341 Salvete
612 1302 813 1351 Athenae,
846 1315 949 1355 quae
980 1302 1160 1341 nutrices
1193 1301 1407 1341 Graeciae:

417 1370 540 1410 Erilis
571 1371 716 1422 patria,
750 1371 881 1419 salve3
914 1375 960 1410 ut
990 1374 1031 1410 te
1057 1370 1178 1411 video
1208 1370 1366 1410 lubens.

322 1444 458 1494 Atque
488 1441 532 1479 in
562 1441 795 1490 tragoediis,
828 1441 1004 1492 exempli
1029 1441 1161 1490 gratia
1190 1441 1233 1479 in
1256 1439 1469 1492 Sophoclis
1500 1438 1675 1486 Electra,

207 1509 400 1562 Aeschyli
433 1514 760 1560 Agamemnone,
803 1512 910 1550 hanc
951 1510 1237 1550 salutationem
1277 1510 1395 1549 nobis
1427 1523 1509 1549 non
1550 1507 1679 1547 semel

206 1593 430 1628 occurrere,
474 1592 558 1618 non
605 1584 668 1618 est
707 1593 780 1619 cur
825 1580 1095 1619 adfirmemus.
1157 1580 1234 1619 Sed
1268 1579 1390 1618 etiam
1430 1579 1474 1617 in
1516 1590 1676 1623 comoe-

207 1650 306 1697 diis,
360 1662 464 1702 quae
516 1649 747 1698 tragoedias
790 1653 951 1689 secutae
1001 1655 1116 1697 sunt,
1156 1650 1258 1689 haec
1298 1648 1404 1688 ratio
1449 1647 1541 1687 usui
1586 1651 1674 1687 erat

205 1720 358 1771 poetis,
405 1732 499 1758 nam
544 1719 586 1758 in
632 1719 846 1758 Menandri
888 1719 1119 1758 comoediae
1162 1712 1323 1757 Ἁλιέων
1360 1719 1589 1767 fragmento
1619 1717 1676 1756 le-

206 1789 357 1838 gimus:
1540 1787 1553 1796 ⁶

269 1854 384 1909 Χαῖρ’
421 1849 455 1896 οἷ
486 1856 584 1907 φίλη
616 1859 679 1909 γῆ,
711 1854 780 1896 διὰ
811 1853 958 1908 χρόνου
990 1858 1140 1896 πολλοῦ
1172 1854 1206 1895 σ’
1246 1854 1345 1895 ἰὸὦν
1375 1852 1616 1906 ἀσπάζομαι,

209 1927 302 1966 ubi:
334 1930 375 1965 te
406 1927 526 1965 video
556 1926 723 1965 lubens:
755 1926 877 1965 simili
911 1927 1028 1965 modo
1060 1939 1297 1978 expressum
1331 1930 1403 1965 est.
1464 1927 1679 1977 praeterea

209 1997 260 2036 cf.
294 1996 490 2047 anonymi
522 1996 666 2035 comici
698 1997 841 2046 fragm.
874 1996 1016 2047 (Mein.
1048 1996 1120 2036 IV.
1156 1997 1276 2046 616);

420 2062 629 2104 Δέσποινα
669 2063 848 2111 πόλεων,
896 2061 1019 2104 πότνί
1056 2060 1287 2116 Ἀθηναίων
1325 2059 1453 2111 πόλις.
1526 2064 1597 2104 ubi
1634 2064 1678 2103 in

141 2172 143 2174 .
205 2130 413 2174 ’δέσποινα
456 2129 624 2174 πόλεων’
666 2135 770 2186 (scil.
802 2135 1012 2188 Graeciae)
1055 2136 1188 2175 simile
1219 2135 1374 2188 aliquid
1416 2134 1526 2173 inest
1556 2138 1678 2187 atque

205 2205 248 2243 in
280 2205 441 2245 verbis:
485 2217 588 2257 quae
629 2204 809 2244 nutrices
842 2205 1050 2245 Graeciae.
1109 2204 1328 2244 Tractandi
1368 2204 1543 2257 denique
1584 2208 1680 2244 sunt

206 2275 330 2313 huius
359 2275 523 2313 fabulae
554 2287 696 2314 versus
731 2277 809 2314 661
846 2287 944 2328 eqs.,
975 2275 1047 2314 ubi
1068 2274 1233 2314 Stichus
1265 2277 1306 2313 et
1335 2274 1555 2323 Sagarinus
1586 2287 1677 2313 cum

211 2356 408 2384 conserva
438 2343 662 2394 Stephanio
694 2344 894 2396 adparant
923 2343 1193 2397 symposium:

421 2414 548 2463 Euge,
579 2413 786 2463 Sagarino,
817 2415 1100 2466 lepidissume:

420 2484 507 2522 fero
551 2482 765 2523 convivam
803 2484 1032 2523 Dionusum
1077 2482 1259 2536 mihique
1300 2487 1341 2523 et
1379 2483 1478 2523 tibi:
1523 2496 1603 2537 quo
1634 2483 1677 2522 in

208 2567 330 2594 versu
384 2553 490 2592 nihil
533 2553 643 2591 inest
689 2552 789 2591 nisi:
845 2554 1085 2604 adparemus
1132 2553 1404 2605 symposium,
1451 2553 1679 2604 Dionysum

209 2622 424 2663 convivam
454 2623 634 2662 adferam
664 2621 692 2660 i.
709 2635 742 2660 e.
776 2621 928 2671 vinum,
961 2622 1069 2674 quod
1107 2622 1224 2661 nobis
1255 2622 1441 2662 dominus
1471 2622 1578 2661 dono
1609 2621 1679 2663 de-
