1880 3245
789 183 1052 226 -2-

184 287 416 327 comoediae
446 288 621 338 proditis
651 288 870 328 memoriae
914 290 992 329 hoc
1022 289 1261 340 intellegere
1292 289 1506 341 possimus.
1569 288 1659 332 Quo

181 357 229 407 iq
257 369 426 396 numero
457 357 658 408 imprimis
690 358 861 398 Adolfus
883 359 1156 410 Kiesslingius
1185 362 1425 410 praeceptor
1454 358 1659 398 humanis-

181 427 307 466 simus
336 426 609 466 nominandus
640 432 721 476 est,
757 428 826 480 qui
858 432 906 467 ut
936 429 1034 467 ordo
1065 428 1400 479 philosophorum
1432 428 1561 467 almae
1593 427 1659 467 lit-

180 499 359 537 terarum
390 496 670 538 universitatis
708 495 1104 549 Gryphiswardensis
1135 496 1478 537 commilitonibus
1508 510 1655 549 propo-

181 571 300 606 neret
320 568 611 619 quaestionem,
645 580 726 621 qua
746 568 1059 616 examinaretur,
1092 568 1190 620 quid
1211 568 1254 606 in
1278 567 1414 607 Plauti
1438 567 1658 607 comoediis

183 636 233 675 ad
266 637 541 676 Romanorum
573 649 723 685 mores,
768 636 865 689 quid
896 637 947 675 ad
980 636 1224 676 Graecorum
1258 637 1449 677 instituta
1477 636 1656 675 referen-

182 706 277 744 dum
308 709 436 753 esset,
483 718 580 745 vere
610 706 707 744 anni
744 708 852 744 1880
885 705 1078 756 perfecit,
1119 718 1240 757 quam
1281 707 1331 745 ad
1372 705 1652 758 quaestionem

184 773 478 829 instituendam
501 774 799 814 commilitones
829 774 1010 825 praemio
1042 775 1175 825 posito
1207 775 1340 815 vocati
1372 779 1479 814 sunt.
1541 774 1651 817 Quo-

182 844 291 882 niam
335 847 422 883 tum
462 844 512 882 ad
543 845 650 882 hanc
689 857 775 883 rem
806 857 1019 894 aggressus
1059 856 1113 882 ex
1158 857 1206 883 eo
1239 848 1421 895 tempore
1465 856 1514 882 ea
1543 846 1653 883 totus

181 916 403 964 occupatus
435 927 536 960 sum,
568 914 645 953 hoc
676 913 929 953 intellexisse
961 913 1062 952 mihi
1093 913 1254 963 videor,
1294 913 1390 953 illos
1427 913 1540 954 viros
1568 926 1653 952 non

178 983 301 1034 plane
321 986 432 1022 recte
454 983 668 1033 judicasse,
693 983 880 1036 quamvis
910 986 1067 1023 tantum
1100 983 1207 1023 absit
1236 987 1286 1023 ut
1311 982 1461 1023 iudicia
1490 982 1653 1023 illorum

178 1053 409 1103 spernendo
443 1055 712 1100 contemnam,
745 1056 791 1091 ut
821 1056 962 1092 contra
982 1053 1159 1093 libenter
1178 1053 1395 1093 concedam
1427 1065 1491 1092 me
1520 1052 1652 1103 primo
1675 1056 1677 1058 ’

178 1122 370 1161 maluisse
400 1121 443 1159 in
466 1133 606 1160 eorum
637 1124 768 1161 castra
788 1121 976 1160 transire.
1036 1121 1114 1160 Sed
1135 1134 1379 1174 quamquam
1408 1133 1558 1172 negare
1578 1133 1650 1159 ne-

178 1192 343 1243 quimus
375 1191 719 1231 contaminatione
733 1221 744 1239 ,
791 1204 873 1244 qua
900 1204 1018 1231 usum
1049 1203 1137 1231 esse
1167 1191 1357 1232 Plautum
1389 1204 1443 1229 ex
1470 1190 1652 1243 prologis

179 1260 437 1300 Terentianis
476 1260 720 1311 accipimus,
768 1261 956 1300 effectum
999 1274 1105 1310 esse,
1145 1265 1192 1300 ut
1229 1265 1352 1311 poeta
1392 1262 1561 1301 verbum
1602 1261 1652 1299 de

177 1332 305 1371 verbo
339 1344 577 1381 expressum
607 1330 755 1370 efferre
785 1343 868 1369 non
899 1335 1057 1382 posset,
1102 1343 1236 1384 neque
1278 1344 1354 1370 nos
1394 1329 1651 1394 fugitfflau-

175 1404 263 1440 tum
296 1413 345 1439 ea
375 1413 440 1450 re,
473 1401 583 1453 quod
613 1397 718 1446 λέξιν
748 1401 854 1439 bene
884 1400 1096 1448 tractavit,
1139 1413 1221 1438 non
1252 1403 1361 1439 arcte
1392 1399 1651 1439 coniunctum

175 1483 264 1510 esse
294 1484 384 1510 cum
417 1469 581 1509 Graecis
621 1469 947 1521 exemplaribus,
986 1473 1123 1509 tamen
1163 1470 1214 1508 ab
1256 1468 1391 1523 animo
1432 1469 1650 1520 impetrare

174 1554 256 1579 non
287 1553 465 1590 possum,
495 1543 542 1578 ut
571 1539 726 1579 infitier
756 1552 951 1578 summam
981 1538 1300 1578 'familiaritatem
1330 1538 1509 1578 inveniri
1540 1538 1650 1577 inter

174 1609 364 1649 Plautum
397 1612 440 1648 et
468 1612 610 1660 poetas
640 1608 836 1657 Graecos,
880 1609 988 1662 quod
1018 1608 1079 1647 illi
1112 1612 1387 1659 negaverunt,
1427 1621 1519 1647 cum
1559 1620 1646 1647 eam

173 1679 283 1719 viam
313 1679 642 1729 ingrederentur,
694 1683 739 1718 ut
779 1682 1008 1718 statuerent
1048 1678 1237 1718 Plautum
1284 1691 1439 1717 summa
1479 1677 1647 1717 licentia

173 1763 293 1789 usum
322 1762 387 1787 res
408 1746 797 1786 Romanas'Graecis
826 1747 976 1786 fabulis
996 1747 1229 1786 inseruisse.
1291 1750 1428 1800 Atque
1459 1750 1505 1785 ut
1536 1746 1645 1785 aliud

173 1820 326 1858 fiumen
361 1819 503 1857 ducem
535 1829 599 1855 me
630 1820 866 1869 sequentem
911 1818 961 1856 ad
1005 1816 1128 1856 litora
1155 1816 1371 1867 pervenire
1402 1828 1520 1866 posse
1553 1828 1645 1855 cen-

176 1901 319 1937 serem,
352 1887 464 1927 hisce
497 1887 628 1926 causis
657 1890 866 1937 permotus
897 1899 998 1925 sum.
1049 1886 1230 1924 Primum
1263 1885 1426 1938 quidem
1449 1885 1646 1925 Kiesslin-

175 1959 266 2009 gius
313 1970 377 1996 me
419 1957 558 1996 docuit
606 1970 660 1996 ex
707 1956 876 2007 prologo
919 1955 1188 1995 Terentianae
1234 1954 1420 1995 Eunuchi
1466 1955 1643 1995 fructum

176 2029 381 2081 quendam
415 2028 621 2066 abundare
661 2026 705 2065 in
736 2030 915 2066 nostram
948 2025 1317 2078 disquisitionem„
1340 2038 1433 2064 nam
1465 2039 1555 2064 cum
1586 2025 1646 2064 ibi

173 2098 357 2148 legamus
388 2109 458 2137 eos
479 2096 550 2149 qui
571 2095 764 2135 Terentio
794 2095 1037 2145 inviderent,
1069 2095 1220 2135 dixisse
1250 2095 1366 2134 illum
1386 2095 1531 2143 furem,
1561 2108 1645 2135 non
1706 2128 1723 2133 -

175 2173 337 2218 poetam
360 2179 460 2215 esse,
492 2166 605 2205 illam
638 2165 747 2204 enim
777 2165 956 2204 fabulam
977 2165 1177 2205 Naevium
1209 2169 1250 2204 et
1270 2165 1460 2204 Plautum
1489 2164 1646 2213 fecisse,

174 2237 345 2286 apparet
373 2236 607 2276 Terentium
640 2238 682 2274 et
710 2234 898 2274 Plautum
930 2235 1098 2273 eandem
1129 2234 1307 2273 fabulam
1338 2234 1645 2285 conscripsisse;

174 2309 298 2359 atque
340 2306 669 2358 quandoquidem
712 2304 814 2343 illud
856 2303 1035 2344 Terentii
1078 2317 1169 2342 cum
1200 2303 1346 2343 Plauto
1388 2305 1646 2356 componitur

173 2380 299 2429 atque
330 2378 610 2426 comparatur,
652 2378 693 2414 et
732 2374 841 2413 inter
873 2387 1011 2413 omnes
1053 2377 1212 2413 constat
1241 2373 1474 2427 Terentium
1505 2373 1645 2422 stricte

174 2445 350 2484 Graecos
391 2448 574 2484 secutum
616 2457 726 2491 esse,
767 2444 902 2493 colligi
943 2433 1034 2483 mea
1073 2443 1235 2495 quidem
1267 2443 1470 2484 sententia
1498 2446 1645 2494 potest,

175 2515 368 2555 Plautum
399 2527 489 2554 cum
522 2513 713 2552 Terentio
746 2513 936 2553 collatum
976 2513 1075 2553 item
1107 2526 1189 2551 non
1219 2513 1339 2553 valde
1370 2512 1593 2558 declinasse
1623 2525 1647 2551 a

172 2585 414 2624 Graecarum
458 2584 688 2624 fabularum
730 2582 821 2623 fide.
905 2583 1036 2626 Quam
1078 2583 1348 2634 suspicionem
1390 2583 1481 2622 aliis
1523 2583 1646 2623 rebus

173 2655 334 2694 firmare
367 2658 408 2694 et
439 2655 613 2705 probare
644 2666 868 2704 possumus,
900 2667 994 2692 nam
1027 2653 1061 2693 si
1092 2653 1135 2692 in
1169 2653 1401 2692 Aululariae
1431 2665 1535 2693 vers.
1560 2652 1641 2694 715

172 2726 314 2765 Euclio
346 2739 369 2764 a
399 2724 698 2776 spectatoribus
725 2724 851 2774 petit,
882 2728 929 2764 ut
960 2724 1039 2763 sibi
1070 2724 1202 2763 furem
1233 2724 1523 2776 demonstrent,
1554 2723 1645 2764 tali-

171 2796 247 2835 bus
277 2794 415 2836 verbis
434 2809 443 2833 ε
