1880 3245
829 202 1122 245 —25—

237 303 455 345 διαδοῦναι
494 307 574 346 τῶν
605 304 854 360 ἐλαιουργῶν
882 308 965 348 τοῖν
995 306 1040 348 ἐν
1070 304 1246 364 Μιλήτῳ
1285 308 1357 350 καὶ
1402 304 1504 366 Χίῳ4
1533 307 1710 358 πάντων.

234 371 375 429 ὀλίγου
428 372 747 428 μισθωσάμενον
800 372 857 416 ἅτ’
914 372 1085 426 οὐδενὸς
1127 374 1433 431 ἐπιβάλλοντος·
1484 376 1623 432 ἐπειδὴ
1667 379 1707 420 δ’

236 439 261 484 ὅ
294 442 437 498 καιρός
479 438 602 497 ἧκεν,
641 445 919 497 ἐκμισθοῦντα
950 443 999 486 ὃν
1041 444 1196 500 τρόπον
1235 444 1430 500 ἠβούλετο
1477 465 1538 504 sq.
1593 465 1712 505 quem

235 520 400 567 praeter
450 516 552 557 alios
599 516 748 557 multos
799 517 1002 569 expressit
1041 518 1181 559 Cicero
1225 520 1274 559 de
1320 519 1489 561 divinat.
1532 521 1566 560 Ι.
1618 524 1710 560 111.

237 587 347 636 Ergo
394 587 575 627 Thaletis
605 583 771 626 *mentio
813 587 916 627 abiit
955 587 999 626 in
1029 588 1310 638 proverbium,
1352 589 1477 643 idque
1506 602 1559 629 ex
1590 590 1714 630 attica

235 656 443 696 comoedia
471 657 712 703 translatum
755 670 844 697 esse
881 658 1000 698 docet
1027 657 1229 709 imprimis
1260 658 1574 710 Aristophanes,
1605 660 1712 710 apud

236 738 357 778 quem
401 725 445 764 in
476 726 613 766 avium
643 740 684 767 v.
722 730 830 766 1009
875 728 1018 767 Meton
1046 727 1182 767 audit:
1223 722 1449 780 ἅνθρωπος
1481 726 1628 778 Θαλῆς.
1659 729 1710 768 cf.

237 807 400 847 quoque
430 797 527 835 nub.
565 799 668 836 180:

449 863 487 904 τί
517 860 600 916 δῆτ’
636 863 805 912 ἐκεῖνον,
837 860 908 904 τὸν
941 864 1077 917 Θαλῆν
1106 856 1410 918 θαυμάζομενξ

450 930 574 988 ἄνοιγ’
609 930 734 988 ἄνοιγ’
772 930 926 981 ἀνύσας
955 930 1000 975 τό
1032 931 1344 989 φροντιστήριον

452 1002 522 1043 καὶ
554 1003 686 1052 δεῖξον
717 999 774 1050 οἷς
803 999 968 1055 τάχιστά
1006 1018 1074 1055 μοι
1104 1000 1176 1044 τὸν
1206 1000 1445 1058 Σωκράτην.

355 1073 405 1112 In
435 1088 495 1115 vs.
530 1077 612 1114 562
644 1088 729 1128 eqs.
800 1073 1011 1126 Tyndarus
1054 1088 1195 1121 servus
1232 1075 1412 1126 Hegioni
1443 1089 1712 1127 persuasurus

236 1142 575 1194 Aristophontem
595 1144 783 1184 insanum
815 1147 858 1183 et
886 1144 999 1183 rabie
1030 1148 1192 1196 captum
1224 1158 1324 1194 esse,
1355 1145 1472 1185 illum
1503 1149 1710 1196 comparat

236 1225 326 1251 cum
357 1212 513 1253 insanis
543 1214 731 1265 tragicis:
1639 1265 1641 1267 ι

294 1282 349 1321 Et
380 1283 542 1335 quidem
575 1284 791 1322 Alcmaeus
828 1287 951 1336 atque
983 1283 1147 1324 Orestes
1190 1287 1232 1324 et
1261 1285 1470 1337 Lycurgus
1500 1289 1642 1336 postea

295 1351 386 1390 Una
416 1366 540 1403 opera
569 1353 671 1393 mihi
702 1356 798 1393 sunt
827 1354 985 1393 sodales
1015 1367 1096 1407 qua
1124 1354 1214 1402 iste,

234 1421 305 1459 ubi
347 1422 397 1460 de
429 1422 572 1462 Oreste
612 1424 749 1463 omnia
778 1428 875 1463 nota
905 1427 1021 1472 sunt,
1065 1423 1242 1476 Lycurgi
1275 1428 1408 1463 autem
1439 1425 1598 1464 insania
1626 1424 1707 1463 iam

235 1489 415 1529 Homero
448 1496 547 1531 nota
577 1492 647 1545 (cf.
678 1493 795 1532 Iliad.
828 1491 870 1531 Z.
907 1496 987 1531 130
1020 1493 1143 1545 eqs.),
1185 1493 1230 1530 in
1261 1493 1466 1545 Lycurgia
1494 1493 1709 1544 tetralogia

237 1562 287 1600 ab
320 1561 527 1614 Aeschylo
558 1565 743 1612 tractata,
775 1563 826 1602 ab
857 1562 1057 1614 Sophocle
1087 1560 1398 1603 commemorata
1427 1567 1515 1604 erat
1543 1563 1587 1603 in
1618 1566 1703 1604 An-

233 1630 361 1679 tigon.
404 1644 464 1671 vs.
498 1635 581 1671 955
629 1644 712 1685 eqs.
784 1633 952 1685 Neque·
967 1632 1188 1682 ignobilior
1226 1632 1458 1682 Alcmaeus,
1500 1633 1707 1684 Euripidis

234 1699 374 1740 fabula
415 1694 632 1752 Ἀλκμέωνι
682 1701 903 1755 multisque
955 1701 1046 1741 aliis
1098 1701 1343 1751 celebratus,
1396 1703 1447 1742 cf.
1494 1702 1705 1744 Aristotet.

233 1771 379 1821 poetic.
420 1776 462 1812 et
491 1773 664 1823 Antiph.
697 1773 872 1813 Poeseos
902 1772 1198 1821 fragmentum:

1079 1834 1130 1879 ἂν
1165 1835 1289 1880 πάλιν

516 1909 610 1966 εἴπῃ
641 1925 702 1957 τις
729 1906 975 1960 Ἀλκμέωνα,
1007 1907 1077 1948 καὶ
1108 1904 1157 1948 τοὶ
1186 1908 1341 1957 παιδία,

516 1974 635 2018 πάντ’
665 1974 795 2025 ede&-
826 1973 961 2032 εἴρηχ’,
993 1974 1057 2026 ὅτι
1087 1976 1229 2030 μανεὶς
1259 1975 1481 2019 ἀπέκτανεν

521 2045 596 2099 τήν
626 2043 762 2102 mim?
793 2063 877 2103 eqS.

353 2119 495 2169 Pergit
525 2119 736 2172 Tyndarus
766 2134 804 2161 v.
839 2122 945 2159 615:

236 2188 353 2228 modo
397 2194 635 2231 ornamenta
672 2191 841 2230 absunt:
896 2189 1061 2230 Aiacem
1103 2190 1214 2229 hunc
1256 2198 1376 2242 quam
1419 2188 1533 2230 vides
1573 2189 1705 2240 ipsum

1520 2258 1647 2298 vides.

355 2325 446 2369 Quo
477 2328 520 2367 in
552 2341 675 2369 versu
704 2332 826 2380 poeta
853 2343 937 2369 non
967 2328 1136 2380 respicit
1164 2327 1330 2367 Aiacem
1362 2340 1482 2381 quem
1512 2327 1708 2368 habemus

234 2397 278 2435 in
299 2397 450 2445 fabula,
484 2398 554 2436 sed
585 2411 688 2446 eum,
720 2412 841 2451 quem
861 2401 1185 2450 representatum
1206 2397 1390 2437 videmus
1418 2397 1461 2436 in
1482 2397 1707 2448 proscenio,

233 2481 325 2507 cum
358 2472 599 2508 ornamenta
629 2467 913 2519 adiungantur.
975 2471 1112 2522 Atque
1133 2471 1350 2519 propterea
1379 2467 1458 2507 hoc
1479 2480 1533 2507 ex
1553 2465 1706 2507 Graeco

234 2538 461 2589 exemplari
484 2538 648 2589 pendet,
671 2550 765 2576 nam
776 2539 928 2577 Romae
943 2538 1078 2577 Plauti
1094 2537 1346 2588 temporibus
1359 2537 1398 2588 ¹)
1419 2536 1557 2576 Aiacis
1577 2537 1708 2587 figura

331 2703 365 2743 1)
391 2702 443 2733 Ne
467 2701 586 2732 videar
611 2700 690 2740 quid
728 2699 881 2731 omisisse
895 2722 903 2738 ‚
939 2699 1081 2730 Plautus
1105 2702 1222 2738 quater
1245 2699 1279 2729 in
1304 2698 1428 2730 fabulis
1451 2698 1590 2739 respicit
1623 2697 1707 2730 alias

235 2761 292 2792 vel
316 2760 506 2793 comoedias
530 2760 588 2791 vel
612 2758 815 2800 tragoedias.
841 2757 885 2790 cf.
904 2757 1040 2790 Trucul.
1066 2767 1099 2789 v.
1119 2758 1196 2790 931,
1221 2757 1281 2789 ubi
1301 2755 1524 2789 Phronesium
1547 2755 1707 2789 meretri-x
