1880 3245
774 171 1066 246 -58-.-

183 278 254 331 qui
285 290 429 318 versus
458 279 507 318 ad
540 292 661 333 quem
693 282 890 331 spectent,
924 279 1104 321 dubitari
1134 281 1282 330 potest.
1326 279 1381 320 Et
1411 293 1655 335 quamquam

184 348 316 387 Gellio
349 349 450 388 duce
464 380 473 397 ,
517 350 632 389 cuius
672 353 813 403 auctor
855 351 909 390 M.
943 350 1071 390 Varro
1104 353 1185 398 est,
1227 349 1269 387 hi
1308 354 1465 390 versusv
1491 350 1656 402 sapiunt

183 418 385 457 rationem
409 418 652 468 Plautinum,
684 423 820 459 tamen
853 419 1154 460 diiudicandum
1185 422 1257 467 est,
1288 421 1424 459 utrum
1453 421 1498 460 in
1519 420 1654 460 Plauti

185 487 352 527 officina
382 488 590 528 frabricati
621 501 672 527 an
703 477 862 529 tantum
904 501 956 528 ex
987 489 1141 529 Graeca
1169 488 1308 528 fabula
1337 488 1525 528 translati
1557 489 1653 529 sint.

185 555 393 598 Quantum
426 569 501 607 ego
531 557 671 597 videre
702 571 878 608 possum,
910 559 991 599 iam
1020 558 1065 597 in
1085 558 1238 598 Graeco
1260 557 1484 608 exemplari
1513 558 1654 608 scripti

185 625 448 675 legebantur,
488 639 581 665 nam
613 626 787 677 primum
819 627 984 680 quidem
1014 627 1216 679 parasitus
1247 640 1338 666 eum
1369 640 1451 667 non
1481 630 1653 675 accusat,

185 694 255 747 qui
288 695 441 735 Romae
470 696 627 746 primus
643 696 850 735 ‘solarium
891 697 1055 745 statuit,
1100 697 1170 736 sed
1215 709 1319 745 eum,
1351 696 1421 749 qui
1463 696 1654 736 solarium

182 764 365 804 efficiens
395 765 517 805 horas
547 765 740 817 repperit,
773 779 895 820 quem
926 780 1009 807 non
1039 767 1168 807 fuisse
1190 767 1417 806 Romanum
1448 765 1529 805 iam
1558 765 1655 804 inde

183 834 451 885 intelligitur,
495 836 604 889 quod
635 835 851 876 Massalam
882 836 1089 876 consulem
1120 836 1227 876 bello
1253 835 1411 878 Punico
1439 835 1570 886 primo
1601 848 1654 875 ex

180 903 335 943 Graeca
364 906 464 945 urbe
502 905 545 944 in
578 905 716 945 Sicilia
753 904 945 945 solarium
976 905 1275 956 deportavisse,
1319 904 1485 944 minime
1516 908 1652 945 autem

179 973 388 1013 invenisse
420 976 476 1014 M.
510 975 638 1014 Varro
680 975 787 1026 apud
817 974 996 1014 Plinium
1038 975 1155 1014 testis
1194 978 1268 1015 est.
1328 974 1486 1014 Deinde
1515 976 1651 1014 autem

183 1055 429 1096 quamquam
459 1044 539 1082 iam
571 1057 677 1083 anno
712 1047 791 1083 491
826 1057 860 1083 a.
890 1058 929 1083 u.
962 1057 995 1083 c.
1026 1044 1128 1085 illud
1157 1043 1349 1083 solarium
1376 1044 1528 1082 Romae
1559 1043 1650 1092 fuit,

177 1116 313 1152 tamen
341 1113 475 1153 minus
506 1114 669 1164 egregie
698 1114 850 1154 factum
881 1114 949 1154 vel
979 1120 1119 1165 aptum
1151 1126 1238 1154 esse
1258 1113 1485 1161 videbatur,
1518 1124 1652 1165 neque

179 1181 286 1220 enim
320 1183 599 1233 congruebant
637 1182 724 1222 eius
764 1182 897 1222 lineae
928 1183 977 1222 ad
1007 1183 1148 1230 horas,
1195 1183 1455 1235 quamobrem
1486 1182 1651 1221 minime

177 1251 399 1291 verisimile
445 1255 527 1300 est,
580 1252 773 1303 oppidum
820 1252 977 1291 solariis
1023 1252 1065 1290 id
1115 1265 1242 1301 genus
1293 1252 1500 1302 oppletum
1552 1264 1651 1291 esse.

178 1319 315 1363 Quid?
355 1321 463 1373 quod
497 1319 623 1360 Varro
656 1321 755 1361 dicit
784 1322 944 1360 demum
976 1334 1082 1360 anno
1116 1324 1198 1360 590
1221 1321 1365 1361 Plauto
1400 1324 1559 1361 mortuo
1601 1319 1651 1363 Q.

176 1390 374 1429 Marcium
416 1389 650 1440 Philippum
694 1390 931 1440 diligentius
971 1390 1199 1429 ordinatum
1229 1389 1424 1440 posuisse.
1484 1390 1654 1430 Accedit

176 1459 285 1512 quod
323 1458 396 1498 illa
424 1459 577 1499 mentio
619 1459 728 1499 facta
768 1463 831 1500 est
871 1473 896 1499 a
936 1472 1110 1511 persona
1156 1459 1451 1499 comoediarum
1482 1458 1652 1499 Graeca-

175 1542 265 1568 rum
296 1529 338 1567 in
363 1529 582 1576 comoedia,
614 1530 729 1569 cuius
759 1530 903 1569 titulus
934 1534 996 1569 est
1024 1533 1071 1568 ut
1100 1530 1257 1568 Andria
1285 1530 1393 1579 apud
1413 1529 1647 1568 Terentium

177 1597 352 1637 Graecae
399 1597 578 1647 originis.
655 1598 762 1649 Ergo
808 1598 995 1638 omnibus
1045 1598 1110 1638 his
1153 1598 1275 1637 rebus
1324 1611 1406 1638 non
1450 1597 1648 1648 neglectis

174 1667 217 1705 hi
248 1681 403 1715 versus,
435 1680 538 1719 quos
567 1668 611 1705 in
633 1668 769 1706 Plauti
790 1669 998 1706 comoedia
1018 1668 1201 1707 Varrone
1221 1668 1487 1718 praecedente
1506 1667 1643 1715 fuisse,

174 1750 258 1776 non
298 1750 322 1776 a
362 1736 508 1776 Plauto
548 1736 792 1788 respiciente
832 1736 1021 1777 instituta
1062 1750 1158 1776 suae
1205 1736 1351 1777 aetatis
1392 1737 1520 1777 factos
1558 1750 1647 1777 esse

176 1819 294 1846 nemo
327 1802 551 1855 dubitabit,
600 1807 750 1846 debent
780 1807 909 1846 tribui
942 1806 1094 1846 Graeco
1126 1805 1361 1857 exemplari.
1421 1807 1485 1845 Ad
1525 1819 1645 1859 quem

172 1877 273 1915 haec
297 1877 425 1916 verba
455 1879 641 1929 spectent
666 1876 832 1916 difficile
863 1880 925 1916 est
954 1876 1076 1925 dictu,
1108 1876 1178 1915 sed
1209 1876 1315 1915 sicut
1343 1875 1509 1915 minime
1537 1875 1645 1924 volo,

178 1946 238 1986 eis
266 1946 414 1997 respici
436 1946 743 1995 Anaximenem,
776 1959 896 1999 quem
927 1946 1101 1997 primum
1124 1945 1314 1985 solarium
1345 1946 1534 1986 statuisse
1564 1949 1645 1986 tra·

173 2016 298 2064 dunt,
328 2015 389 2055 ita
418 2020 518 2066 puto
549 2028 632 2054 non
662 2015 903 2055 temeritatis
934 2029 1034 2064 esse,
1075 2028 1123 2054 ea
1160 2015 1312 2055 referre
1342 2016 1393 2054 ad
1422 2016 1642 2064 Metonem,

173 2085 243 2138 qui
274 2085 339 2125 vir
369 2085 678 2125 mathematicus
721 2098 826 2125 anno
859 2089 944 2125 432
977 2086 1151 2126 Athenis
1185 2085 1332 2125 solario
1364 2085 1487 2124 nixus
1517 2098 1642 2124 anno-

171 2168 260 2193 rum
292 2155 490 2194 rationem
521 2155 631 2194 fecit.

289 2226 366 2264 Sed
387 2225 533 2265 summi
564 2224 758 2264 momenti
789 2227 862 2274 est,
896 2225 1004 2278 quod
1037 2223 1173 2264 omnia
1203 2237 1468 2278 quaecunque
1498 2224 1548 2264 ad
1578 2237 1641 2264 re-

171 2308 260 2333 rum
303 2299 505 2345 gestarum
546 2298 588 2334 et
627 2294 909 2335 institutorum
950 2294 1131 2334 civilium
1173 2294 1406 2333 memoriam
1444 2298 1639 2346 spectant,

170 2363 380 2404 nonnullis
410 2364 510 2403 locis
541 2363 725 2415 exceptis
755 2367 851 2404 sunt
872 2363 1049 2404 Graecae
1072 2363 1252 2414 originis.
1314 2362 1509 2406 Quamvis
1530 2377 1639 2403 men-

169 2435 227 2474 tio
259 2433 566 2474 bacchanalium
598 2433 701 2485 (Mil.
736 2434 849 2484 857),
882 2434 1016 2484 gentis
1046 2432 1246 2483 Papiriae
1264 2434 1383 2485 (frag.
1404 2434 1638 2473 Foeneratr.

167 2505 275 2556 apud
306 2502 522 2555 Diomed.),
561 2505 706 2555 poetae
735 2503 880 2544 Naevii
920 2503 1024 2555 (Mil.
1057 2501 1177 2555 210),
1218 2504 1459 2555 populorum
1491 2503 1637 2543 Boium

171 2579 212 2614 et
242 2575 538 2624 Campanorum
571 2572 703 2625 (Gapt.
739 2576 833 2612 888.
865 2574 1047 2612 Trinum.
1081 2574 1182 2624 545)
1212 2574 1460 2624 reperiatur,
1503 2577 1638 2613 tamen

171 2642 293 2682 simili
326 2643 445 2682 modo
477 2647 599 2696 atque
638 2641 684 2681 in
727 2642 899 2682 historia
928 2641 1100 2681 fabulari
1140 2642 1298 2696 reliqua
1337 2642 1503 2682 nomina
1543 2644 1639 2682 sunt

168 2712 342 2762 Graeca,
388 2726 655 2767 quaecunque
697 2712 816 2752 nobis
858 2716 1095 2762 occurrunt,
1142 2716 1264 2766 atque
1306 2712 1531 2764 respiciunt
1570 2711 1638 2753 vel
