1880 3245
797 186 1087 230 ..28-

203 278 362 339 ὖδρίαν,
395 282 556 335 ἐνόντος
587 286 630 329 ἐν
652 284 755 345 αὐτῇ
786 277 859 330 καὶ
877 286 1040 340 ὕδατος,
1072 290 1245 343 καθίησι
1274 293 1355 333 τῶν
1383 288 1676 348 Ἀριστοδήμου

204 355 363 396 παίδων
378 354 447 396 καὶ
467 354 734 411 Κρεσφόντου
752 355 849 407 τούς
865 356 1021 409 πάλους
1039 358 1106 402 ἐπὶ
1122 359 1391 416 διειρημένοις
1412 393 1559 405 ......
1580 358 1678 411 τούς

205 421 277 476 μὲν
308 422 359 477 δὴ
381 422 537 475 πάλους
558 459 677 470 .....
699 424 995 483 Ἀριστοδήμου
1025 430 1142 473 παισὶ
1162 431 1287 486 ξηρᾶς
1307 426 1390 473 {ind
1412 429 1544 485 ἡλίου,
1578 435 1677 488 Κρε-

204 491 363 553 σφόντῃ
395 494 439 537 δὲ
461 494 591 550 ὀπτῆς
615 498 715 553 πυρί
745 531 755 540 .
787 496 853 540 ὅτε
885 496 936 553 δή
956 502 1037 541 τῶν
1054 496 1349 556 Ἀριστοδήμου
1370 503 1529 543 παίδων
1550 499 1679 551 πάλος

202 563 488 618 κατετέτηκτο,
530 567 601 608 καὶ
632 563 669 608 ό,
691 566 958 623 Κρεσφόντης
988 567 1097 611 οὕτω
1126 567 1257 624 λαχαὶν
1287 574 1362 625 γῆν
1393 570 1564 626 αἱρεῖται
1604 569 1678 624 τὴν

207 635 465 687 Μεσσηνίαν.
530 637 645 681 Quae
675 640 813 680 fabula
852 654 974 695 quam
1005 641 1177 682 celebris
1215 643 1323 694 apud
1354 641 1512 683 Atticos
1541 643 1679 694 fuerit,

204 710 432 747 monstrant
453 708 659 760 Euripidis
678 710 840 750 fabulae
861 711 1060 752 Temenus
1081 716 1123 752 et
1142 713 1437 764 Cresphontes:
1468 715 1679 764 praeterea

208 789 295 815 eam
317 777 550 819 invenimus
581 779 624 819 in
651 780 890 832 fragmentis
911 783 1118 835 Euripidis
1147 784 1255 836 apud
1275 782 1515 824 Strabonem
1545 783 1679 837 (VIII.

207 849 245 885 4.
267 859 334 897 pg.
359 849 473 901 563),
506 863 600 889 nam
630 851 689 890 ibi
719 851 912 903 legimus:
947 850 1037 906 περὶ
1070 849 1114 892 δὲ
1135 849 1211 904 τῆς
1238 848 1402 902 φύσεως
1430 854 1514 892 τῶν
1542 848 1680 893 τόπων

204 913 275 954 καὶ
299 912 457 957 τούτων
488 917 556 958 καὶ
581 922 662 959 τῶν
694 921 994 972 Μεσσηνιακῶν
1014 923 1138 961 ταῦτα
1165 919 1237 973 μὲν
1268 918 1516 962 ἀποδεκτέον
1546 917 1681 976 λεγόν-

205 981 281 1032 τος’
316 987 641 1040 Ευριπίδου·
675 988 745 1029 καὶ
781 986 943 1042 ὑποβάς
974 992 1055 1032 τῶν
1087 988 1227 1033 πάλων
1248 989 1375 1045 φησὶν
1409 983 1468 1032 ὧν
1499 989 1542 1032 οἰ
1564 986 1681 1045 Ἦρα-

209 1054 361 1096 κλεῖδαι
383 1055 477 1111 περὶ
510 1060 581 1110 τῆς
611 1061 746 1113 χώρας
777 1057 1035 1113 ἐποιήσαντο,
1066 1057 1138 1102 τόν
1168 1059 1240 1114 μὲν
1270 1058 1467 1116 πρότερον
1498 1060 1686 1115 γενέσθαι

424 1127 543 1180 γαίης
573 1130 787 1182 Λακαίνης
816 1127 977 1183 κύριον,
1009 1127 1172 1181 φαύλου
1202 1126 1355 1183 χθονός
1386 1145 1470 1185 eqs.

209 1194 432 1246 Sophocles
463 1212 627 1252 quoque
657 1200 700 1239 in
732 1201 845 1241 Aiao.
884 1204 991 1241 1182
1022 1202 1128 1242 hanc
1155 1201 1334 1241 fabulam
1364 1201 1518 1252 tangit:

494 1262 584 1319 zo’o't'
615 1260 741 1316 αὖθις
772 1266 896 1317 αὐτός
915 1267 1116 1323 ’Έκτορος
1147 1267 1272 1321 μόνος
1303 1266 1432 1321 μόνου

490 1333 623 1389 λαχών
652 1353 694 1379 τε
719 1335 1004 1396 ’κᾷκέλευστος,
1040 1331 1130 1392 ἦλθ’
1162 1338 1356 1389 ἐναντίος,

493 1404 543 1447 οὗ
567 1407 771 1462 δραπέτην
803 1405 873 1450 τόν
905 1411 1053 1463 κλῆρον
1084 1408 1141 1458 εἰς
1171 1408 1294 1461 μέσον
1314 1409 1470 1458 καθείς,

492 1471 623 1531 ὑγρᾶς
652 1473 835 1533 άρούρας
866 1478 1013 1531 βῶλον,
1046 1473 1129 1519 ἀλλ’
1159 1474 1206 1526 ὃς
1236 1473 1418 1529 εὐλόφου

419 1554 421 1556 ’
492 1549 621 1599 κυνῆς
652 1546 784 1600 ἔμελλε
815 1550 976 1603 πρῶτος
1008 1544 1113 1601 ἅλμα
1143 1551 1343 1598 κουφιεῖν.

214 1616 392 1668 denique
423 1619 529 1668 apud
555 1618 766 1669 Aristoph.
798 1620 847 1658 de
878 1619 973 1659 fatis
1002 1619 1192 1659 Herculis
1223 1618 1397 1658 filiorum
1429 1618 1607 1657 nondum
1638 1617 1682 1656 in

213 1685 540 1736 Peloponnesum
572 1688 845 1739 profectorum
877 1689 1074 1728 nonnulla
1103 1689 1348 1729 adnotantur
1379 1689 1429 1728 cf.
1452 1688 1558 1727 Plut.
1583 1690 1680 1727 385.

213 1756 351 1808 Equit.
386 1759 510 1797 1151.

333 1826 388 1865 In
430 1827 617 1868 versibus
646 1828 961 1882 insequentibus
992 1828 1138 1868 ancilla
1168 1827 1308 1879 gavisa
1346 1828 1453 1881 quod
1484 1827 1594 1868 viros
1623 1827 1683 1867 fe-

214 1896 348 1935 minae
379 1897 592 1938 ludificant
631 1902 755 1951 atque
786 1898 962 1938 ludibrio
993 1899 1157 1947 habent,
1189 1898 1308 1938 dicit:

428 1967 514 2006 Nee
544 1967 615 2018 pol
644 1968 823 2007 Nemeae
854 1969 972 2008 credo
1003 1981 1138 2021 neque
1168 1981 1242 2019 ego
1276 1967 1489 2020 Olympiae

427 2037 572 2090 Neque
603 2022 796 2091 umquam
827 2038 943 2078 ludos
973 2041 1055 2078 tam
1085 2038 1256 2078 festivos
1286 2037 1374 2077 fieri

428 2105 559 2149 Quam
590 2107 657 2147 hic
686 2107 797 2148 intus
828 2108 932 2149 fiunt
960 2109 1045 2147 ludi
1075 2107 1354 2148 ludificabiles.

333 2175 445 2218 Quos
475 2189 616 2217 versus
647 2190 700 2217 ex
731 2177 883 2218 Graeco
922 2168 1144 2229 exemplari
1177 2188 1395 2225 emanasse,
1427 2190 1509 2215 non
1540 2177 1686 2216 desunt

218 2258 359 2285 causae
401 2247 550 2300 quibus
581 2248 795 2299 probetur3
837 2261 930 2288 nam
961 2248 1135 2287 Romani
1178 2249 1285 2286 certe
1330 2250 1530 2287 noverant
1567 2247 1684 2286 ludos

218 2314 466 2367 olympicos,
498 2330 594 2367 ergo
627 2318 662 2357 si
693 2331 763 2357 eos
784 2318 914 2370 primo
935 2317 1025 2358 loco
1057 2313 1192 2368 neque
1221 2316 1303 2355 illis
1322 2317 1487 2355 Nemeis
1517 2315 1685 2355 adiectis

214 2385 466 2425 nominasset
495 2391 634 2437 poeta,
674 2401 793 2427 nemo
825 2387 1069 2428 contendere
1100 2389 1257 2437 posset,
1298 2386 1404 2426 hanc
1435 2385 1682 2426 mentionem

214 2457 401 2496 ludorum
443 2457 617 2495 alienam
658 2470 744 2497 esse
783 2472 806 2497 a
836 2458 1044 2497 Romanis.
1115 2457 1214 2496 Cum
1253 2460 1387 2497 autem
1418 2455 1562 2495 Nemei
1599 2454 1684 2494 ludi

214 2527 396 2567 adiuncti
438 2530 645 2579 ponantur
686 2530 727 2567 et
766 2527 1047 2578 praeferantur
1084 2525 1166 2565 illis
1207 2525 1419 2578 Olympiae
1458 2524 1683 2573 celebratis,

216 2599 306 2646 hoc,
338 2601 385 2638 ut
415 2598 572 2649 opinor,
605 2601 668 2637 est
688 2597 859 2636 alicuius
880 2596 1085 2644 momenti,
1118 2596 1225 2648 quod
1256 2608 1330 2635 nos
1354 2594 1585 2646 perspicere
1614 2604 1684 2631 ne-

217 2667 389 2720 quimus,
424 2668 492 2721 qui
524 2670 684 2707 tantum
715 2679 922 2717 exponere
953 2664 1169 2717 possimus,
1202 2665 1376 2704 Nemeos
1406 2664 1522 2703 ludos
1553 2663 1603 2702 ab
1635 2675 1683 2701 eo

216 2738 390 2788 proferri
430 2750 569 2789 posse,
626 2737 695 2791 qui
737 2750 807 2776 eos
848 2736 953 2775 bene
996 2734 1177 2784 noverit;
1231 2747 1350 2787 quem
1394 2731 1685 2774 Atheniensem
