1880 3245
812 176 1106 221 ...46-

221 297 339 338 quam
389 296 545 323 summo
587 283 771 335 periculo
815 283 926 324 vitae
970 284 1023 323 ab
1067 284 1169 323 Iove
1210 283 1427 324 liberatam
1458 282 1695 324 Alcmenam

220 352 431 405 Euripidis
463 352 665 406 spectavit
694 355 816 405 poeta
846 351 1045 402 Graecus,
1078 366 1197 407 quem
1228 351 1400 394 Plautus
1429 355 1591 393 secutus
1619 354 1694 402 est,

221 437 312 463 cum
355 426 640 476 tempestatem
686 425 856 474 propter
887 426 1100 462 extensum
1133 422 1290 462 tonitru
1331 425 1373 461 et
1401 422 1556 462 fulmen
1587 435 1696 462 com-

220 496 387 545 pararet
417 506 510 533 cum
554 505 622 541 ea,
669 504 750 545 qua
778 491 1012 544 praesentia
1041 491 1156 534 Iovis
1183 490 1227 530 in
1260 490 1468 543 Euripidis
1500 492 1696 532 Alcmena

219 563 491 602 indicebatur.

336 631 496 671 Deinde
526 631 571 670 in
600 630 787 672 versibus
820 632 904 669 604
936 643 1049 684 eqs.:

337 702 465 740 Natas
496 714 550 739 ex
579 699 809 739 Philomela
838 702 964 753 atque
995 700 1158 749 Progne
1189 712 1277 738 esse
1308 699 1577 752 hirundinesz

337 773 427 820 Ago
460 783 552 809 cnm
582 769 666 819 illa,
698 769 853 822 nequid
885 773 1033 810 noceat
1062 770 1164 809 meis
1195 768 1488 821 popularibus:

220 854 348 879 senex
369 840 599 879 Daemones
615 838 861 887 somniavit,
893 838 1053 877 simiam
1081 838 1325 877 hirundines
1354 838 1571 890 populares
1601 852 1695 878 snas

221 912 419 949 sectatam
450 922 550 948 esse.
612 911 751 962 Atque
781 909 888 947 hanc
916 921 1003 947 rem
1036 921 1155 947 nemo
1186 908 1418 960 perspicere
1448 912 1584 961 potest
1614 908 1694 948 nisi

220 979 290 1032 qui
325 978 477 1028 legerit
505 992 566 1019 vs.
600 978 682 1016 737
716 991 825 1030 eqs.:

218 1050 323 1088 Nam
357 1048 487 1087 altera
515 1048 619 1085 haec
649 1050 713 1085 est
741 1050 839 1085 nata
861 1046 1035 1085 Athenis
1066 1046 1257 1096 ingenuis
1291 1047 1541 1099 parentibus.

221 1117 330 1162 Quid
354 1131 431 1167 ego
464 1130 516 1157 ex
548 1121 587 1155 te
609 1114 756 1155 audio?
787 1138 845 1144 —
875 1116 995 1155 Hanc
1017 1115 1191 1155 Athenis
1226 1130 1313 1156 esse
1343 1119 1481 1156 natam
1510 1115 1694 1157 liberam.

218 1189 314 1227 Mea
335 1186 557 1239 popularis,
592 1199 772 1238 opsecro,
804 1187 906 1225 haec
928 1189 1000 1225 est.
1048 1186 1140 1225 Non
1163 1190 1207 1226 tu
1231 1186 1476 1239 Cyrenensis
1507 1186 1577 1227 es?

218 1258 348 1297 Immo
382 1256 558 1296 Athenis
589 1259 708 1295 natus
740 1256 928 1308 altusque
961 1256 1236 1309 educatusque
1268 1256 1430 1297 Atticis.

219 1329 330 1377 Ergo
372 1340 461 1366 cum
503 1325 576 1364 illo
615 1325 706 1365 loco
749 1329 1006 1378 exponatur,
1048 1325 1299 1365 Daemonem
1341 1339 1428 1365 esse
1470 1326 1694 1366 Athenien-

219 1411 316 1446 sem,
349 1400 391 1436 et
412 1399 554 1435 notum
581 1395 645 1444 sit,
678 1394 947 1434 Philomelam
979 1398 1021 1434 et
1051 1396 1243 1445 Prognen
1276 1408 1363 1435 esse
1389 1394 1496 1435 filias
1518 1395 1694 1435 Pandio—

220 1467 284 1505 nis
326 1466 436 1515 regis
480 1464 819 1513 Atheniensium,
866 1465 944 1503 hac
988 1465 1293 1515 comparatione
1331 1468 1453 1516 poeta
1492 1465 1694 1517 exprimit,

220 1534 500 1574 Athenienses
549 1533 672 1574 etiam
724 1534 766 1573 in
825 1533 1020 1573 extremis
1064 1537 1198 1574 terrae
1252 1533 1489 1584 regionibus
1533 1547 1693 1587 semper

220 1606 332 1646 cives
362 1604 481 1644 tueri.
545 1603 676 1646 Quam
721 1605 773 1643 ob
818 1617 905 1643 rem
948 1604 1028 1643 hoc
1069 1607 1180 1643 certe
1224 1604 1406 1655 pertinet
1434 1605 1483 1643 ad
1516 1603 1691 1644 Graecos

218 1678 484 1728 spectatores,
517 1672 587 1726 qui
621 1685 724 1726 quae
754 1672 911 1712 fuerint
941 1672 1169 1712 Philomela
1200 1676 1241 1712 et
1270 1674 1433 1723 Progne
1465 1687 1546 1713 non
1577 1674 1693 1723 ignc-

218 1747 377 1793 rabant,
410 1756 583 1797 quarum
609 1742 763 1782 mentio
794 1743 838 1782 in
870 1743 1111 1793 fragmentis
1132 1742 1363 1783 comoediae
1395 1756 1488 1783 casu
1518 1743 1692 1786 interiit.

218 1815 297 1854 Sed
327 1815 407 1853 hoc
428 1812 574 1852 Graeci
607 1812 772 1865 quidem
801 1811 917 1863 pueri
950 1812 1156 1864 sciebant,
1198 1812 1323 1852 finxit
1353 1812 1462 1852 enim
1498 1808 1693 1866 Πρόκνην

220 1883 456 1936 Sophocles.

339 1952 499 1991 Deinde
529 1951 573 1989 in
605 1965 663 1990 vs.
699 1953 782 1989 509
814 1951 979 1990 Labrax
1009 1951 1102 1990 leno
1133 1955 1404 2004 conquestus,
1448 1966 1491 1991 se
1520 1953 1692 2003 periisse

220 2021 404 2074 Neptuni
444 2019 596 2060 iniuria
635 2023 758 2073 atque
799 2021 908 2059 bona
936 2020 1183 2072 perdidisse,
1227 2021 1486 2061 Charmidem
1515 2025 1691 2075 accusat,

221 2092 328 2146 quod
359 2095 407 2130 ut
436 2090 481 2129 in
501 2089 683 2130 Siciliam
713 2090 1043 2143 proficisceretur
1073 2090 1151 2131 sibi
1182 2090 1444 2143 persuaserit.
1490 2092 1546 2131 Et
1566 2092 1691 2132 Char-

218 2161 348 2200 mides
389 2162 491 2200 haec
533 2159 719 2200 convicia
759 2173 974 2210 regerens,
1029 2160 1135 2213 quod
1180 2160 1387 2212 paeniteat
1430 2174 1473 2200 se
1519 2161 1689 2214 hospitii

219 2231 391 2280 lenonis,
424 2230 629 2284 queritur:

432 2299 715 2339 Scelestiorem
746 2312 887 2339 cenam
919 2299 1063 2339 cenavi
1094 2302 1206 2338 tuam

435 2369 566 2412 Quam
598 2382 700 2422 quae
731 2370 933 2422 Thyestae
964 2368 1195 2421 anteposita
1225 2374 1266 2409 et
1296 2369 1435 2411 Tereo.

336 2439 399 2478 De
429 2438 558 2477 'Pereo
600 2451 653 2477 ex
692 2438 830 2477 fabula
868 2434 1060 2490 Πρόκνης
1100 2439 1236 2478 omnia
1274 2444 1372 2480 nota
1411 2443 1524 2489 sunt3
1565 2441 1690 2492 dapes

218 2522 317 2550 vero
342 2508 584 2560 Thyesteae,
614 2506 641 2545 i.
664 2520 697 2546 e.
730 2506 874 2545 δεῖπνα
909 2506 1103 2545 &venusta
1133 2507 1402 2549 inveniuntur
1430 2509 1472 2548 in
1493 2509 1689 2562 Aeschyl.

218 2582 363 2629 Agam.
400 2580 533 2617 1563:
582 2572 753 2628 παρέσχε
787 2574 905 2615 δαῖτα
946 2572 1141 2615 παιδέιων
1179 2579 1322 2632 κρεῶν.
1384 2578 1515 2619 Multo
1552 2582 1687 2620 autom

219 2647 420 2701 aptiorem
447 2646 582 2686 locum
614 2645 802 2686 adscribo
833 2659 885 2685 ex
916 2645 1125 2697 Euripide,
1156 2650 1206 2688 cf.
1240 2648 1372 2688 Orest.
1412 2651 1543 2688 1008:
