1880 3245
816 155 1107 199 -52-

343 261 560 302 Praecedit
587 261 658 301 hic
688 275 853 307 versus:

434 331 586 380 sciunt,
620 331 722 385 quid,
746 331 791 369 in
822 344 962 370 aurem
993 344 1068 370 rex
1097 329 1264 379 reginae
1296 329 1461 370 dixerit.

221 401 443 441 Invehitur
474 400 761 452 Megaronides
790 400 833 439 in
868 414 949 450 eos,
983 400 1051 453 qui
1086 398 1224 438 omnia
1254 412 1296 437 se
1328 399 1432 438 scire
1463 402 1620 451 putant,
1655 401 1695 438 et

222 475 447 520 enumerat,
481 483 584 524 quae
614 470 676 509 illi
708 484 751 509 se
783 470 886 510 scire
916 473 1150 508 autument:
1194 468 1370 520 primum
1415 468 1511 522 quid
1544 468 1694 519 singuli

222 540 395 590 faciant,
427 545 514 580 tum
545 540 642 593 quid
674 553 748 579 rex
778 540 967 589 reginae,
1002 538 1097 592 quid
1129 539 1318 591 Iuppiter
1348 538 1497 577 Iunoni
1531 538 1694 586 dixerit,

225 610 406 663 denique
429 609 526 663 quid
550 623 683 663 neque
716 609 769 648 sit
798 622 931 662 neque
957 609 1141 647 futurum
1173 607 1237 657 sit,
1267 609 1370 647 haec
1391 608 1528 647 omnia
1549 608 1696 648 sciunt.

226 682 364 733 Atque
395 681 474 719 hoc
504 679 595 719 loco
627 683 698 719 aut
731 693 874 719 versus
907 679 1015 717 207:

436 749 594 796 sciunt,
628 749 724 802 quid
756 748 801 788 in
835 761 975 787 aurem
1007 761 1081 787 rex
1112 747 1278 797 reginae
1310 747 1462 787 dixerit

220 824 282 858 est
313 819 594 871 dittographia
622 832 661 859 v.
697 822 805 858 208:

434 888 590 935 sciunt,
623 888 730 941 quod
761 888 865 926 Iuno
900 887 1121 926 fabulatast
1151 899 1241 925 cum
1272 887 1373 927 Iove

226 962 299 997 aut
329 958 538 997 cuiusdam
570 957 670 996 certi
702 956 919 1006 momenti,
962 956 1129 996 tertium
1168 970 1250 995 non
1293 957 1424 996 datur.
1489 956 1695 999 Quantum

222 1042 297 1078 ego
331 1028 495 1081 quidem
528 1027 668 1067 videre
700 1040 889 1078 possum,
934 1027 1060 1065 habet
1089 1025 1159 1064 ille
1191 1039 1333 1065 versus
1365 1026 1568 1079 quandam
1599 1025 1695 1074 vim,

224 1102 349 1152 atque
382 1098 564 1148 cogitare
595 1100 731 1149 potest
762 1096 912 1150 aliquis
944 1097 993 1136 de
1024 1110 1120 1146 rege
1153 1096 1369 1135 Persarum
1409 1100 1481 1136 aut
1521 1097 1570 1135 de
1600 1109 1697 1146 rege

221 1168 264 1206 in
298 1168 473 1207 historia
503 1166 679 1206 fabulari
721 1170 792 1205 aut
835 1167 884 1205 de
916 1171 1027 1205 certo
1061 1165 1234 1219 quodam
1264 1179 1362 1215 rege
1392 1189 1450 1195 --
1481 1166 1696 1205 Philemon

225 1237 334 1276 enim
364 1235 591 1277 Trinummi
626 1235 804 1275 Graecae
837 1239 958 1288 poeta
989 1230 1203 1287 ’Ἐμπορον
1233 1235 1412 1274 fabulam
1444 1235 1696 1288 conscripsit,

226 1320 316 1347 cum
340 1307 528 1346 Athenae
552 1305 596 1343 in
619 1308 861 1357 potestatem
886 1306 1094 1345 cuiusdam
1115 1305 1224 1354 regis
1248 1306 1437 1344 subactae
1459 1309 1586 1354 erant,
1620 1318 1699 1359 qua

223 1380 360 1415 aetate
381 1374 627 1416 vocabulum
658 1374 768 1424 regis
800 1375 1008 1414 cuiusdam
1041 1375 1235 1413 momenti
1269 1378 1367 1424 erat,
1399 1375 1425 1413 i.
1450 1388 1484 1414 e.
1516 1376 1567 1414 ab
1589 1388 1697 1415 anno

225 1449 308 1485 293
341 1458 471 1499 usque
502 1444 552 1483 ad
583 1457 618 1483 a.
643 1444 725 1483 287
749 1467 807 1473 --
838 1448 909 1484 aut
941 1444 1047 1498 quod
1080 1458 1155 1494 ego
1186 1446 1315 1497 probo
1347 1448 1470 1498 atque
1501 1445 1697 1485 confirmo

223 1516 272 1555 de
303 1528 400 1564 rege
422 1527 643 1554 sacrorum.
698 1515 803 1553 Nam
835 1515 904 1553 ubi
936 1514 979 1553 in
1004 1514 1170 1554 Graecis
1202 1514 1468 1566 scriptoribus
1499 1529 1573 1555 rex
1605 1528 1696 1555 cum

223 1585 366 1634 regina
389 1585 631 1624 coniunctus
664 1587 737 1634 est,
774 1586 853 1624 hoc
882 1585 932 1624 ad
967 1584 1170 1624 neminem
1203 1588 1361 1636 spectat
1392 1585 1469 1623 nisi
1501 1585 1551 1625 ad
1583 1584 1697 1635 βασι-

222 1650 292 1692 λέα
324 1648 499 1705 ἄρχοντα
530 1650 599 1691 καὶ
630 1651 867 1703 βασίλινναν
900 1654 987 1693 eius
1018 1667 1214 1703 uxorem,
1248 1667 1350 1707 quae
1382 1655 1568 1694 sacerdos
1598 1655 1696 1695 Dio-

223 1723 317 1776 nysi
360 1736 450 1762 cum
482 1722 571 1762 viro
616 1723 735 1761 deum
777 1723 910 1763 colere
943 1724 1116 1762 debebat
1153 1724 1202 1762 cf.
1234 1723 1442 1763 Demosth.
1488 1737 1520 1763 c.
1552 1725 1696 1763 Neaer.

226 1793 293 1831 73.
337 1792 516 1844 Hesych.
562 1806 592 1833 s.
638 1806 675 1832 v.
709 1788 851 1844 γάμος.
930 1792 1186 1846 Quamquam
1227 1788 1416 1842 βασιλεύς
1456 1806 1569 1833 sacro
1615 1793 1695 1845 ipsi

227 1862 427 1901 interesse
450 1875 532 1901 non
555 1861 702 1914 potuit,
734 1866 871 1902 tamen
894 1875 985 1902 cum
1007 1866 1114 1902 esset
1146 1854 1279 1914 ἅρχων
1310 1858 1497 1912 βασιλεύς
1517 1860 1543 1902 i'.
1567 1877 1600 1903 e,
1622 1877 1697 1903 rex

226 1931 408 1970 omnium
430 1931 684 1971 sacerdotum
707 1935 831 1985 atque
854 1927 1044 1985 γεραιρᾶς
1065 1931 1284 1971 adiutrices
1307 1932 1445 1972 uxoris
1466 1933 1515 1971 ad
1539 1946 1696 1973 sacrum

225 2001 523 2040 instituendum
558 2001 827 2041 constitueret
847 2002 915 2054 (cf.
940 2002 1118 2053 Hesych.
1152 2016 1182 2041 s.
1205 2016 1243 2042 v.
1266 2002 1442 2054 Etymol.
1465 2004 1572 2052 Mag.
1606 2017 1635 2043 s.
1658 2018 1696 2044 v.

225 2068 421 2123 γεραιραὶ.
474 2070 628 2110 Polluc.
666 2071 780 2110 VIII.
819 2072 928 2123 108),
975 2085 1066 2110 eum
1108 2069 1315 2127 βασιλίννῃ
1360 2072 1558 2121 edixisse,
1601 2072 1697 2125 quid

225 2142 359 2181 facere
403 2153 568 2180 necesse
609 2144 738 2190 esset,
783 2144 962 2180 statuere
1007 2155 1089 2181 non
1122 2144 1215 2190 eget
1256 2140 1429 2181 veritate
1474 2144 1597 2195 atque
1628 2156 1697 2182 ve-

227 2302 273 2332 Et
299 2312 360 2342 per
383 2302 575 2333 comoediae
601 2311 711 2333 novae
735 2302 865 2334 rivulos
903 2303 1032 2342 aceepit
1055 2303 1194 2333 Plautus
1229 2305 1262 2333 et
1286 2302 1368 2333 alias
1393 2303 1575 2335 sententias
1600 2313 1699 2343 argu—

230 2363 282 2390 tas
308 2362 519 2390 vetustorum
543 2363 739 2399 poetarum,
765 2369 850 2399 quae
876 2360 972 2398 quasi
996 2360 1029 2389 in
1057 2359 1272 2398 proverbium
1298 2359 1461 2399 abierunt,
1488 2360 1574 2391 sicut

396 2415 624 2447 Hesiodeum:
649 2413 770 2458 νήπιος
796 2410 835 2455 ὃς
859 2414 1027 2460 τᾶἕτοιμα
1052 2413 1156 2450 λιπών
1182 2411 1345 2460 ἀνέτοιμα
1368 2415 1501 2452 διώκει.

397 2475 440 2506 cf.
467 2474 623 2505 Pseudol.
652 2475 737 2506 685:
763 2479 854 2506 certa
879 2476 1071 2513 amittimus,
1098 2475 1176 2505 dum
1200 2475 1328 2506 incerta
1352 2476 1506 2515 petimus.

267 2533 559 2573 Hipponeeteum:
586 2527 640 2566 δυ’
658 2528 788 2574 ἡμέραι
804 2530 966 2575 γυναικός
984 2526 1225 2574 εἰσινῆδισται,
1243 2527 1323 2566 ὅταν
1339 2533 1437 2577 γαμῇ
1455 2531 1509 2571 τίς
1525 2532 1700 2579 κακφέρῃ.

304 2592 344 2623 cf.
372 2591 486 2622 Aulul.
516 2593 605 2622 154:
633 2600 718 2630 quae
744 2600 818 2622 eras
844 2592 969 2629 veniat,
995 2591 1153 2631 perendie
1178 2591 1267 2623 foras
1294 2592 1420 2623 feratur
1444 2591 1508 2634 (sil.
1536 2592 1665 2634 uxor.);

231 2650 468 2680 Pindaricum:
495 2647 551 2681 νῦν
578 2646 724 2691 ἔλπομαι
749 2645 823 2690 μὲν,
850 2645 883 2680 ἐν
909 2647 980 2692 ’3εῷ
1007 2658 1047 2690 γε
1073 2645 1138 2691 μὰν
1164 2647 1259 2687 τέλος

235 2708 279 2742 cf.
305 2707 461 2739 Bacchid.
492 2708 580 2738 144:
615 2710 730 2747 sperat
766 2706 900 2746 quidem
926 2707 1079 2745 animus,
1115 2717 1179 2746 quo
1205 2708 1340 2739 eveniat
1376 2707 1427 2738 dis
1463 2708 1497 2738 in
1534 2709 1700 2749 manibus.
1732 2738 1736 2743 .
