1880 3245
750 148 1137 220 -45-²

166 297 285 339 quem
304 283 532 336 profectum
552 296 577 324 a
591 286 776 325 veterum
797 283 1042 324 comicorum
1062 283 1240 323 lectione
1256 285 1451 326 Catonem
1468 299 1633 338 compo·

165 353 304 402 suisse,
336 352 504 405 quaevis
534 354 621 393 fere
650 354 769 393 docet
796 353 969 406 pagina:
999 357 1040 392 et
1068 353 1315 393 Pseudolum
1347 368 1508 410 quoque
1539 370 1631 396 eum

163 422 229 463 his
268 422 368 475 ipsis
411 422 551 464 diebus
591 423 752 476 legisse,
792 437 882 463 meo
920 423 1021 463 mihi
1061 411 1167 464 iure*
1191 424 1348 465 conicio
1391 440 1443 465 ex
1484 426 1505 479 S
1550 431 1630 467 50:

165 493 260 547 quid
292 492 337 531 in
367 492 591 534 levioribus
621 493 778 542 studiis,
810 494 877 533 sed
911 497 1047 534 tamen
1078 493 1236 534 acutis?
1277 507 1398 548 quam
1430 498 1632 546 gaudebat

162 562 270 603 bello
311 576 382 602 suo
414 563 569 603 Punico
602 563 800 614 Naevius,
843 577 963 618 quam
994 564 1240 604 Truculento
1272 565 1464 615 Plautus,
1509 580 1632 619 quam

163 631 385 671 Pseudulo!
462 633 648 673 Ceterum
702 633 821 687 coqui
886 646 977 674 cum
1031 634 1176 674 Medea
1233 636 1455 688 comparati
1509 649 1631 690 quam

162 716 245 742 non
289 701 414 742 alieni
451 703 535 743 sint
576 704 627 743 ab
667 704 792 744 attica
822 704 1049 753 comoedia,
1096 704 1287 744 discimus
1327 719 1380 745 ex
1421 706 1630 759 Aristoph.

164 771 288 825 equit.
336 774 465 812 1321.
521 787 592 812 τον
637 773 780 824 Δῆμον
811 769 1035 824 ἀφεψῆσας
1077 767 1174 824 ὑμῖν
1219 768 1343 812 καλον
1382 772 1423 822 ἐξ
1463 773 1630 829 αἰσχροῦ

164 840 389 894 πεποίηκα,
439 843 487 883 ad
532 855 650 897 quem
693 856 855 885 versum
897 843 1067 883 adnotat
1106 842 1348 884 scholiasta:
1399 845 1532 891 καλῶς
1575 839 1631 891 ὥς

162 925 352 965 μαγειρος
383 907 516 965 ωσπερ
547 906 576 963 ἦ
607 908 775 965 Μήδεια
805 911 969 966 λέγεται.
1020 914 1240 953 Praeterea
1259 914 1456 954 habemus
1486 915 1628 955 titulos

161 983 327 1022 Medeae
358 983 588 1022 comoediae
617 983 887 1037 Antiphauis,
919 983 1091 1030 Eubuli,
1135 984 1352 1032 Canthari,
1396 984 1627 1024 Strattidis-

162 1065 262 1106 que,
306 1055 427 1107 atque
458 1053 603 1092 Medea
632 1053 784 1093 mentio
822 1052 1034 1094 invenitur
1072 1053 1194 1093 etiam
1235 1054 1278 1093 in
1322 1053 1471 1094 Eubuli
1517 1055 1628 1105 frag-

160 1127 298 1163 mento
329 1123 471 1176 (Mein.
503 1124 584 1164 111.
617 1124 741 1177 260):

496 1191 534 1231 εἰ
561 1188 596 1232 δ’
628 1190 780 1247 ἐγένετο
812 1188 917 1244 κακὴ
947 1188 1051 1246 γυνὴ
1082 1188 1264 1244 Μήδεια.

160 1262 221 1302 De
252 1275 347 1312 rege
377 1263 524 1303 Iasone
554 1263 599 1302 in
630 1278 750 1305 versu
785 1266 865 1302 193
900 1264 951 1302 cf.
982 1252 1115 1302 infra(

276 1403 324 1442 In
367 1403 635 1443 Rudentis
675 1418 713 1445 v.
755 1407 807 1442 86
850 1416 990 1444 servus
1033 1402 1102 1457 qui
1143 1416 1247 1457 quae
1288 1407 1437 1444 ventus
1482 1405 1628 1445 fecerit

159 1473 342 1524 miratur,
375 1474 493 1514 dicit:

369 1545 461 1584 Non
492 1548 639 1585 ventus
670 1544 761 1592 fuit,
792 1557 934 1585 verum
964 1543 1186 1583 Alcumena
1215 1543 1415 1596 Euripidi.

277 1615 364 1654 Iam
385 1615 593 1667 Euripidis
614 1627 761 1653 nomen
794 1613 892 1652 satis
914 1613 1175 1662 demonstrat,
1207 1614 1314 1652 hanc
1343 1627 1428 1652 rem
1450 1615 1627 1665 pendere

161 1697 213 1722 ex
243 1682 398 1723 Graeco
430 1683 665 1736 exemplari,
696 1696 790 1723 nam
822 1682 855 1721 si
883 1681 1053 1722 Plautus
1084 1683 1163 1722 hoc
1191 1682 1430 1735 sumpsisset
1462 1696 1512 1723 ex
1544 1687 1627 1723 tra-

160 1753 306 1803 goedia
346 1755 645 1803 Romanorum,
698 1756 806 1793 certe
844 1752 934 1792 loco
977 1752 1187 1804 Euripidis
1229 1765 1320 1791 eum
1362 1753 1627 1800 nominasset,

162 1823 231 1874 qui
263 1822 498 1863 Alcmenam
529 1826 720 1864 verterat.
783 1822 915 1866 Quam
945 1835 1030 1861 rem
1061 1821 1175 1860 ludat
1203 1823 1344 1872 poeta,
1389 1835 1471 1861 non
1504 1822 1625 1861 facile

161 1895 224 1932 est
254 1892 487 1942 intellectu;
529 1896 650 1947 atque
681 1892 853 1944 primum
887 1895 1020 1944 potest
1052 1891 1199 1945 aliquis
1232 1891 1412 1941 cogitare
1442 1892 1491 1930 de
1523 1895 1620 1931 tem-

159 1964 328 2014 pestate,
360 1976 480 2016 quam
504 1963 546 2002 in
573 1962 871 2014 Amphitruone
893 1960 1085 2001 Plautina
1108 1960 1198 2013 ipsa
1223 1960 1465 2012 descriptam
1496 1961 1623 2000 habes

160 2031 208 2070 οἱ
247 2034 375 2073 1061:

590 2114 683 2140 nam
712 2101 782 2139 ubi
812 2101 970 2152 partuis
1002 2101 1097 2140 deos
1129 2100 1205 2140 sibi
1236 2100 1411 2148 invocat,

199 2171 405 2223 strepitus,
438 2170 627 2223 crepitus,
661 2170 829 2219 sonitus,
860 2170 1037 2210 tonitrus
1069 2169 1223 2210 subito:
1254 2172 1300 2208 ut
1329 2181 1501 2221 propere
1531 2173 1579 2208 ut

1103 2239 1235 2280 valide
1265 2238 1413 2278 tonuit.

275 2310 352 2350 Sed
384 2310 689 2360 Engelmannus
731 2309 895 2362 (Annal.
942 2309 979 2349 d.
1013 2309 1146 2349 Instit.
1182 2308 1291 2347 1872
1332 2321 1397 2359 pg.
1435 2309 1625 2361 14—16)

161 2395 241 2421 nou
296 2381 383 2420 sine
426 2380 563 2433 aliqua
612 2378 745 2431 specie
787 2378 1089 2431 probabilitatis
1141 2378 1262 2418 nixus
1301 2377 1467 2417 vasculo
1513 2378 1624 2429 picto

160 2451 361 2504 exposuit,
394 2449 648 2502 Euripidem'
668 2448 844 2500 primum
873 2448 916 2488 in
955 2448 1148 2488 Alcmena
1179 2447 1419 2496 narravisse,
1457 2449 1626 2500 Amphi-

158 2525 368 2570 truonem,
411 2523 458 2559 ut
496 2518 663 2572 puniret
705 2532 874 2558 uxorem
916 2517 1144 2565 infidelem,
1190 2530 1276 2555 eam
1319 2519 1625 2558 combustarum

159 2591 304 2643 fuisse3
344 2590 450 2644 quod
491 2603 542 2629 ne
583 2590 732 2629 faceret
776 2602 867 2628 eum
911 2589 961 2627 ab
992 2588 1090 2628 Iove
1119 2586 1232 2638 ipso,
1279 2587 1349 2640 qui
1392 2588 1552 2628 tonitru
1584 2592 1625 2628 et

158 2660 329 2700 fulmine
361 2673 456 2699 suae
488 2658 743 2711 praesentiae
774 2658 933 2708 signum
964 2656 1096 2705 dedit,
1134 2656 1375 2707 impeditum
1407 2672 1506 2698 esse.
1561 2659 1625 2697 Ad
