1880 3245
762 155 1054 206 -1‘5—

115 266 121 271 '
174 262 228 314 A·
249 260 428 313 Spengel
456 261 521 315 (Τ.
549 262 606 305 Η.
636 261 820 311 Plautus,
850 260 1002 310 Kritik,
1033 259 1240 309 Prosodie,
1270 260 1423 301 Metrik
1453 272 1521 311 pg.
1558 258 1644 310 12.)

174 331 325 371 Nestor
345 331 499 373 'finden
536 332 891 388 miichtes-wenn,
916 344 995 370 nur
1024 330 1311 369 Menaechmus
1340 330 1490 369 vor-her
1519 329 1643 380 (933)

174 404 300 442 etwas
315 447 325 455 ⁶
340 400 418 441 wie
448 402 597 442 Nestor
641 401 892 452 gesprochen
939 400 1053 439 hatte
1098 400 1196 439 oder
1224 399 1374 438 Nestor
1413 399 1644 450 iiberhaupt

173 469 233 509 als
255 469 482 521 Gegensatz
511 471 726 513 zn'einem
745 470 1002 512 Veufiokten
1033 470 1216 511 denkbar
1245 472 1366 510 wiires
1426 469 1505 508 Sed
1535 472 1645 509 errat

172 539 355 589 Brixius,
399 554 491 580 nam
537 540 700 580 silentio
741 539 970 591 praeteriit,
1013 540 1091 579 hoc
1132 539 1221 578 loco
1253 538 1439 578 Nestoris
1478 538 1642 578 nomine

172 610 461 662 metonymiam
500 609 719 660 significari
736 622 824 661 pro
852 609 1074 661 sapientia3
1113 614 1237 662 atque
1276 609 1417 648 eodem
1448 609 1567 648 modo
1598 609 1642 646 in

172 682 293 719 antea
332 680 493 719 laudato
523 692 645 721 versu
683 679 788 718 nihil
816 680 867 718 de
897 678 1019 720 Ulixe
1058 679 1269 719 invenitur
1296 678 1376 719 nisi
1406 678 1540 717 Ulixis
1571 692 1643 717 no—

173 749 282 787 mine
325 748 524 788 contineri
572 741 860 800 metonymiam
901 748 1016 788 socii.
1058 747 1201 800 ffum-
1221 750 1356 786 autem
1387 760 1459 786 cur
1488 749 1641 798 opponi

172 831 255 856 non
275 818 405 869 possit
424 818 488 859 vir
508 817 671 868 sapiens
690 817 835 860 insano
854 816 1093 869 intellegere
1114 829 1197 855 non
1218 829 1394 866 possum.
1426 817 1639 856 Nestorem

173 886 351 926 Homero
383 889 523 926 notum
554 888 723 937 propter
753 885 992 936 sapientiam
1023 884 1210 924 invenias
1239 885 1284 923 in
1314 885 1431 925 Iliad.
1464 885 1510 922 B.
1535 885 1642 924 370:

355 951 436 994 Τὸν
461 949 795 1005 ’ἀπαμειβόμενος
826 952 1010 1006 προςέφη
1041 951 1187 1005 κρέιων
1216 948 1466 1006 Ἀγαμένων·

346 1016 373 1075 ἦ
403 1021 483 1075 μὰν
513 1016 600 1063 αὖτ’
631 1019 761 1079 ἀγορῇ
792 1021 1082 1079 νικᾷς,·γέρον,
1114 1017 1206 1070 υἷας
1235 1023 1432 1075 Ἁχαίους.

172 1096 221 1136 ad
263 1108 382 1148 quem
412 1094 544 1134 locum
575 1094 676 1134 illud
706 1093 941 1134 Plautinum
971 1094 1076 1133 bene
1106 1094 1301 1146 quadrat,
1337 1106 1430 1133 nam
1463 1090 1642 1150 ἐνάγορᾷ

92 1170 98 1174 ”
173 1178 274 1215 opus
305 1169 392 1203 erat
421 1169 465 1204 et
493 1163 632 1203 multis
661 1163 799 1203 verbis
828 1155 871 1202 et
900 1163 1106 1213 sapienter
1136 1163 1267 1202 dictis.

286 1232 507 1288 Perpaucis
537 1232 750 1272 absolvere
779 1232 876 1271 licet
906 1232 1378 1282 Amphitruonem,
1419 1246 1524 1286 quae
1554 1238 1642 1274 tota

171 1315 366 1353 expressa
386 1306 467 1342 nest
506 1315 560 1340 ex
590 1301 742 1342 Graeco
771 1301 900 1340 fonte.
959 1302 1062 1340 Nam
1093 1301 1206 1341 illius
1234 1302 1396 1341 fabulae
1426 1316 1640 1354 argumen-

170 1375 256 1411 tum
286 1371 467 1412 eiusdem
498 1371 606 1411 modi
637 1377 700 1410 est
729 1355 863 1424 atque⁴
893 1370 1055 1410 fabulae
1093 1383 1225 1411 novae
1255 1371 1485 1413 comoediae
1501 1372 1553 1424 ¹),
1596 1373 1639 1412 in

172 1442 320 1495 quibus
350 1455 489 1481 omnes
528 1454 592 1481 res
623 1440 812 1480 Herculis
853 1444 1078 1481 tractantur
1108 1444 1150 1481 et
1189 1440 1389 1492 imprimis
1420 1443 1641 1493 exponitur

171 1515 323 1564 quanta
341 1510 615 1551 familiaritate
635 1510 743 1550 inter
762 1523 805 1550 se
826 1509 1031 1551 coniuncti
1051 1509 1205 1550 fuerint
1224 1515 1414 1561 parentes
1428 1511 1638 1562 Herculis,

172 1581 371 1620 Alcmene
405 1584 448 1620 et
477 1579 749 1631 Amphitr-uon
763 1610 773 1628 ,
821 1580 871 1618 ad
916 1591 1016 1631 quas
1058 1579 1286 1619 comoedias
1330 1581 1638 1622 conscribendas

171 1649 378 1700 provocati
419 1652 514 1688 sunt
551 1652 694 1699 poetae
735 1647 944 1699 Euripidis
980 1648 1188 1699 tragoedia
1219 1648 1436 1698 Alcmena,
1475 1650 1519 1689 in
1560 1664 1641 1703 qua

172 1718 370 1759 Hercules
400 1730 501 1768 puer
538 1717 794 1757 introductus
838 1730 924 1756 esse
956 1717 1122 1757 dicitur(
1176 1719 1284 1768 Ergo
1313 1718 1534 1759 verisimile
1565 1724 1638 1769 est,

168 1788 210 1827 id
253 1788 361 1840 quod
392 1800 417 1827 a
445 1788 590 1827 Plauto
632 1787 834 1838 prolatum
874 1787 1079 1838 pertineat
1115 1789 1165 1827 ad
1207 1788 1427 1828 Herculem
1469 1789 1638 1843 eiusque

170 1861 381 1909 parentes,
425 1857 600 1897 Graecae
642 1856 813 1907 originis
843 1869 954 1905 esse,
994 1857 1231 1907 praesertim
1261 1871 1353 1898 cum
1383 1862 1504 1909 poeta
1535 1859 1641 1899 Her-

170 1921 300 1967 culem
331 1926 530 1967 Graecum
573 1926 796 1982 describat,
839 1926 882 1965 id
923 1927 1031 1980 quod
1071 1926 1152 1966 iam
1191 1927 1287 1967 inde
1318 1928 1503 1982 sequitur
1532 1929 1640 1982 quod

172 2010 247 2036 rex
278 1997 409 2037 Creon
453 2000 495 2036 et
523 1995 686 2036 Pterela
726 1996 879 2049 aliique
909 1995 1052 2037 Graeci
1092 1997 1277 2038 homines
1318 1998 1514 2038 nominati
1546 2002 1642 2037 sunt

171 2066 215 2105 in
254 2066 405 2107 fabula.
476 2068 611 2119 Atque
660 2079 714 2106 ex
755 2079 922 2107 numero
968 2066 1210 2108 Graecorum
1265 2071 1483 2121 poetarum
1519 2068 1639 2107 comi-

171 2148 308 2182 corum
349 2136 469 2175 etiam
514 2135 852 2186 Amphitruonem
884 2136 1116 2187 Archippus
1158 2136 1421 2198 conscripsit,
1466 2138 1515 2175 de
1560 2150 1640 2189 qua

173 2205 384 2245 Meinecke
405 2206 446 2246 h.
468 2219 523 2246 cr.
552 2206 598 2246 T.
617 2206 641 2246 1
669 2219 735 2257 pg
759 2209 842 2245 208
873 2206 1123 2257 suspicatur.
1155 2210 1435 2257 argumentum
1465 2207 1640 2256 fabulae,

172 2288 415 2329 quamquam
453 2288 476 2314 e
516 2276 754 2325 fragmentis
796 2275 900 2315 nihil
938 2275 1110 2324 efficias,
1152 2276 1226 2315 vix
1266 2280 1402 2316 tamen
1435 2276 1639 2317 diversum

172 2357 259 2384 esse
290 2344 424 2395 potuit
463 2345 513 2383 ab
544 2357 593 2384 eo
623 2346 732 2398 quod
763 2345 932 2385 Plautus
963 2344 1136 2384 Graecos
1177 2348 1363 2386 auctores
1405 2350 1566 2386 secutus
1596 2346 1640 2385 in

173 2414 414 2464 cognomine
452 2414 590 2453 fabula
631 2415 833 2456 tractavit.
895 2415 1039 2467 Itaque
1068 2414 1232 2465 singula
1260 2428 1496 2466 percurrere
1527 2415 1641 2456 velut

173 2484 358 2524 Creontis
386 2485 495 2536 regis
524 2484 567 2523 in
597 2498 658 2525 vs.
691 2488 788 2536 350,
832 2483 1014 2525 Pterelae
1044 2499 1104 2527 vs.
1137 2488 1234 2535 252,
1279 2485 1546 2526 Teleboorum
1577 2500 1638 2526 vs.

267 2585 304 2630 1)
328 2575 371 2620 ne
395 2588 518 2621 erroris
541 2597 725 2629 coarguat,
765 2590 909 2622 mediam
943 2598 1029 2629 quae
1066 2594 1208 2622 vocatur
1232 2589 1440 2622 comoediam
1464 2600 1499 2620 ιιι
1487 2589 1548 2620 ihil
1572 2589 1637 2620 nisi

174 2645 269 2676 initia
293 2655 403 2677 novae
426 2646 618 2678 comoediae
643 2656 717 2679 esse
740 2657 883 2689 censeo3
906 2650 1087 2687 propterea
1112 2658 1178 2679 non
1203 2657 1342 2680 secerno
1367 2647 1411 2678 ab
1438 2657 1528 2678 nova
1552 2656 1640 2687 quae

174 2696 315 2738 vocatur
339 2703 514 2737 comoedia
536 2704 631 2737 illam
647 2705 800 2741 mediam,
842 2739 849 2745 K
