1880 3245
831 149 1120 193 -21-

514 255 556 295 Si
587 269 651 296 me
681 257 808 298 iratus
838 256 1031 309 tetigerit,
1062 257 1190 298 iratus
1219 258 1439 310 vapulabit.

243 328 358 368 Haec
400 327 485 367 sive
516 327 566 366 ad
605 328 770 368 Aiacem
801 327 886 369 sive
929 328 977 368 ad
1008 327 1211 368 Achillem
1241 341 1315 380 per
1357 328 1522 369 Peleum
1554 332 1708 381 patrem

246 411 269 436 e
290 400 413 447 gente
434 398 557 438 Aeaci
579 404 722 448 ortum,
755 412 858 452 quos
879 398 1121 438 Aeacidinos
1141 401 1312 450 nepotes
1342 411 1428 438 esse
1451 400 1549 439 satis
1568 402 1709 439 notum

244 470 328 516 est,
372 470 553 518 spectare
598 471 780 520 possunt.
840 470 976 522 Atque
1015 468 1091 507 hac
1122 468 1423 520 comparatione
1466 469 1570 508 nihil
1600 468 1709 508 aliud

245 536 343 576 dicit
362 541 483 588 poeta
512 537 591 577 nisi
611 539 778 577 haecce:
809 538 966 578 etiamsi
996 538 1065 577 ille
1097 540 1159 577 est
1189 538 1294 577 sicut
1314 537 1494 578 Achilles
1525 541 1567 586 et
1595 539 1708 587 Aias,

244 605 489 647 fortissimus
520 607 651 655 heros,
683 610 818 648 tamen
847 607 1069 660 vapulabit,
1102 607 1135 647 si
1167 621 1230 648 me
1260 621 1473 659 aggressus
1503 607 1594 648 erit.

360 758 410 796 In
442 757 759 798 Bacchidum
789 758 925 797 fabula
954 757 1085 810 primo
1119 759 1372 798 tractandum
1392 758 1555 800 videtur
1584 759 1711 800 canti-

246 841 349 876 cum,
381 841 462 880 quo
483 828 701 879 Chrysalus
731 841 873 868 servus
902 827 1192 877 gloriabundus
1222 828 1372 867 Iliacae
1402 829 1563 868 fabulae
1593 842 1712 878 argu-

247 898 382 936 menta
402 897 452 935 ad
474 909 566 936 suas
596 896 775 937 fallacias
796 896 1080 936 describendas
1102 897 1329 950 detorquet.
1376 897 1468 937 Hoc
1488 897 1533 936 in
1554 897 1710 938 cantico

248 969 327 1017 (vs.
371 965 618 1017 925—978)
660 966 960 1007 retractationis
1000 967 1140 1006 insunt
1178 967 1371 1017 vestigia,
1417 980 1521 1020 quae
1560 968 1715 1018 primus

244 1034 400 1073 detexit
431 1034 701 1085 Kiesslingius
731 1035 915 1075 Analect.
946 1034 1078 1075 Plaut.
1108 1035 1157 1084 L,
1204 1035 1270 1074 cui
1301 1035 1606 1076 Brachmannus
1647 1036 1711 1075 ‘de

246 1104 490 1144 Bacchidum
531 1105 743 1145 Plautinae
783 1106 1069 1146 retractatione
1112 1103 1282 1146 scenica'
1322 1120 1390 1156 pg.
1425 1110 1505 1145 100
1538 1118 1624 1158 eqs.
1662 1106 1711 1145 de
1753 1143 1756 1145 .

247 1185 402 1213 summa.
438 1172 498 1212 rei
528 1174 760 1214 adsentiens
799 1175 842 1213 in
875 1174 1044 1226 singulis
1074 1175 1225 1215 frustra
1254 1174 1466 1215 oblocutus
1497 1178 1572 1215 est.
1633 1175 1712 1214 Sed

247 1244 325 1283 hoc
354 1242 531 1282 alienum
563 1247 625 1284 est
644 1243 681 1296 1)
711 1245 760 1284 ab
792 1258 851 1294 ea,
884 1258 1004 1298 quam
1034 1245 1217 1294 instituo,
1250 1244 1546 1299 disquisitione.
1599 1244 1711 1284 Vati-

249 1312 407 1352 cinatur
436 1313 665 1366 Chrysalus,
698 1327 834 1354 senem
865 1328 961 1354 mox
991 1315 1204 1366 deceptum
1234 1315 1303 1364 iri,
1347 1315 1453 1354 sicut
1480 1314 1612 1354 tribus
1641 1326 1713 1353 ex-

246 1382 370 1433 pletis
409 1383 506 1423 fatis
547 1383 669 1422 Ilium
701 1387 817 1436 capta
847 1385 922 1425 sit:
968 1373 1090 1438 atque
1120 1385 1163 1424 id
1192 1385 1430 1425 vaticinium
1462 1387 1714 1437 quantopere

244 1452 474 1503 tragoediae
529 1453 699 1494 alicuius
751 1455 958 1506 parodiam
1010 1455 1204 1506 spiraret,
1256 1454 1460 1494 neminem
1509 1454 1709 1505 interpre-

244 1526 329 1561 tum
371 1523 512 1573 fugere
551 1524 695 1574 potuit.
747 1524 1010 1564 Crediderant
1045 1524 1286 1564 Welckerus
1331 1522 1397 1575 (de
1437 1527 1539 1574 trag.
1576 1535 1706 1574 graec.

243 1606 283 1643 p.
320 1592 420 1644 523)
452 1596 493 1633 et
522 1593 762 1644 Ladewigus
791 1592 898 1646 (prg.
933 1596 1041 1633 1848
1075 1608 1142 1645 pg.
1188 1594 1270 1645 11),
1312 1607 1414 1647 quos
1444 1596 1605 1634 secutus
1647 1597 1709 1633 est

247 1662 497 1703 Ribbeckius
538 1664 604 1709 (de
643 1666 746 1714 trag.
786 1664 905 1704 Rom.
937 1677 1003 1715 pg.
1049 1663 1135 1716 48),
1176 1664 1314 1703 ludere
1356 1662 1545 1703 Plautum
1585 1662 1709 1702 Ennii

341 1788 375 1832 1)
399 1794 481 1822 nota
504 1800 560 1831 pg.
590 1793 655 1823 112
681 1791 937 1823 Brachmannus
961 1792 1097 1823 Ulixem
1130 1791 1167 1822 in
1200 1794 1301 1832 raptu
1324 1790 1472 1822 Palladii
1506 1789 1551 1821 ab
1576 1790 1710 1822 Helena

247 1848 401 1888 agnitum
417 1859 491 1881 esse
516 1852 618 1889 negat
643 1852 678 1881 et
692 1849 940 1889 Kiesslingium
964 1849 1023 1889 qui
1047 1850 1135 1880 hanc
1160 1848 1324 1880 ‘fabulam
1349 1846 1475 1880 notam’
1500 1858 1573 1880 esse
1596 1847 1709 1880 brevi-

246 1910 298 1939 ter
321 1908 549 1948 significavit,
574 1908 730 1948 vellicat;
768 1918 835 1948 quo
871 1907 945 1940 iure
969 1908 1005 1939 id
1029 1908 1148 1940 fecerit
1172 1908 1413 1948 Kiesslingius,
1439 1907 1569 1939 discere
1593 1909 1709 1947 potest

248 1969 282 1996 et
307 1966 433 2005 debuit,
460 1967 488 1998 si
514 1967 597 1998 artis
620 1970 857 2006 monumenta,
892 1977 978 2007 quae
1002 1967 1060 1998 vel
1094 1976 1185 1997 nunc
1220 1966 1431 2006 grammatici
1454 1974 1708 2005 nonnumquam

246 2024 390 2065 turpiter
425 2025 605 2066 ignorant,
643 2025 812 2066 respicere
848 2025 942 2057 velit.
990 2025 1079 2056 Nam
1104 2024 1185 2056 Otto
1210 2024 1321 2056 Iahnii
1356 2024 1540 2065 disputatio
1565 2023 1706 2065 (Philol.

246 2083 274 2114 Ι.
301 2084 344 2115 46
371 2081 435 2125 sq.)
459 2085 516 2116 vel
539 2083 707 2116 tironibus
731 2086 833 2115 nota:
869 2094 1002 2124 semper
1028 2084 1097 2115 fere
1121 2083 1157 2114 in
1182 2084 1398 2115 vasculorum
1420 2082 1583 2123 picturis,
1619 2091 1708 2122 quae

247 2142 396 2173 Palladii
420 2145 552 2182 raptum
577 2142 733 2181 reddant,
759 2142 854 2174 adest
877 2142 1009 2174 Helena
1032 2141 1126 2173 Ulixi
1152 2144 1186 2173 et
1208 2141 1378 2180 Diomedi,
1403 2140 1493 2172 unde
1516 2139 1709 2171 necessario

246 2200 422 2239 colligitur
444 2200 660 2232 Laertiadem
684 2200 727 2232 ab
761 2210 801 2233 ea
826 2210 899 2232 esse
933 2200 1098 2241 agnitum.
1146 2200 1265 2240 Neque
1288 2200 1399 2231 minus
1422 2208 1523 2239 saepe
1545 2198 1583 2229 in
1605 2198 1708 2230 Pom-

245 2258 376 2298 peianis
408 2258 536 2290 tabulis
558 2259 734 2299 parietinis
758 2259 890 2291 Helena
925 2259 1078 2299 adparet.
1104 2259 1146 2290 cf.
1172 2257 1310 2298 Helbig.
1346 2257 1416 2289 tab.
1438 2257 1573 2298 Pomp„
1599 2256 1707 2289 Over·

245 2316 360 2348 beckii
376 2326 524 2349 monum.
551 2317 677 2349 heroic.
693 2317 821 2349 XXIV.
850 2319 901 2349 19.
950 2318 1058 2348 Aliud
1082 2317 1184 2348 etiam
1209 2319 1326 2348 contra
1341 2316 1591 2355 Kiesslingium
1607 2325 1707 2355 argu—

244 2379 395 2406 mentum
418 2375 646 2407 Brachmanni
680 2376 727 2416 (p.
755 2373 837 2418 112)
861 2376 984 2407 falsum
1018 2377 1102 2414 est.,
1139 2384 1216 2406 nam
1240 2374 1313 2406 sine
1337 2373 1408 2404 ullo
1434 2372 1538 2405 dubio
1573 2373 1709 2405 detecto

244 2433 306 2464 illo
341 2434 454 2474 priore
488 2433 666 2465 mendacio
699 2436 734 2465 et
769 2434 857 2465 dolis
881 2433 1067 2474 Chrysalus
1099 2443 1117 2465 e
1141 2432 1292 2473 periculo
1328 2440 1365 2463 se
1390 2431 1513 2464 extulit
1535 2435 1570 2464 et
1592 2441 1708 2464 senem

245 2492 389 2532 decepit.
416 2491 601 2532 Chrysalus
626 2493 716 2523 enim
739 2492 768 2524 is
794 2495 875 2530 erat,
901 2492 959 2532 qui
983 2492 1130 2523 iusserat
1145 2490 1391 2522 Mnesilochum
1413 2490 1510 2521 illam
1526 2491 1708 2531 epistolam

245 2559 447 2590 componere
481 2553 515 2581 et
538 2560 559 2581 a
585 2553 681 2590 patre
704 2551 888 2590 postulare,
923 2553 960 2581 ut
985 2552 1019 2581 et
1053 2559 1170 2581 servus
1193 2548 1378 2579 vinciretur
1403 2551 1438 2580 et
1469 2552 1590 2589 postea
1613 2549 1709 2580 nulla

243 2617 355 2647 poena
390 2608 526 2640 decreta
558 2608 795 2640 dimitteretur.
842 2609 961 2648 Itaque
999 2607 1186 2648 Chrysalus
1221 2605 1346 2645 quippe
1381 2605 1441 2646 qui
1473 2606 1558 2638 haec
1593 2607 1708 2638 omnia

244 2667 488 2706 exornavisset,
514 2676 550 2698 se
575 2666 696 2698 extulit
719 2666 808 2698 dolis
830 2667 982 2707 periculo
1008 2670 1043 2698 et
1059 2664 1193 2705 decepit
1215 2672 1341 2703 senem,
1367 2673 1455 2704 cum,
1479 2667 1518 2696 ut
1541 2664 1570 2695 is
1594 2663 1710 2695 omnia

243 2734 306 2766 pro
330 2735 413 2757 vero
431 2728 569 2767 emeret,
593 2724 780 2766 perficeret.
