1880 3245
817 183 1110 226 -3-1-

231 294 311 334 hoc
349 290 520 344 respicit
562 290 744 332 fabulam
782 289 879 330 inde
918 289 970 329 ab
1000 288 1207 342 Aeschylo
1248 290 1446 341 nobilem,
1492 290 1701 344 Euripidis

232 362 406 402 Bacchis
437 360 698 401 celebratam.
761 359 1020 410 Antiphanes
1051 372 1214 413 quoque
1246 365 1288 399 et
1316 361 1524 413 Lysippus
1555 361 1701 401 comici

231 433 386 484 poetae
409 430 507 473 huic
536 429 701 470 fabulae
732 441 898 482 operam
929 429 1148 480 dederunt,
1181 443 1272 470 cum
1302 429 1437 471 relicti
1470 431 1555 471 sint
1586 431 1700 472 tituli

229 499 463 540 fabularum
482 500 648 548 illorum
669 503 882 551 poetarum
904 497 1114 550 ’Βακχῶνζ
1147 513 1393 554 quamquam
1419 515 1502 540 non
1527 504 1701 550 constat,

233 583 332 610 num
365 569 409 609 in'
440 569 501 609 eis
531 568 633 609 illud
647 572 650 574 ’
664 569 839 609 Penthei
870 570 1000 610 fatum
1031 569 1264 623 expositum
1294 569 1359 610 sit:

346 640 399 678 In
431 652 554 679 versu
575 641 658 677 690
690 642 809 691 pater
828 638 1068 688 meretricis,
1101 653 1223 693 quam
1253 640 1364 680 filius
1394 640 1547 679 donum
1577 640 1700 679 matri

230 711 404 759 emerat,
445 707 752 762 pulchritudine
784 712 925 762 captus
967 708 1045 749 sibi
1084 709 1164 762 ipsi
1195 710 1288 750 usui
1320 723 1409 750 esse
1440 708 1576 762 cupit;
1618 722 1698 763 quo

231 777 402 818 consilio
433 778 513 818 viri
543 783 756 830 perspecto
797 782 840 818 et
878 778 1112 818 domininae
1143 779 1333 819 nuntiato
1374 779 1524 819 ancilla
1563 791 1698 819 occas-

231 844 346 888 sione
375 848 490 888 illam
522 848 797 901 conspiciendi
828 851 948 902 parta
977 848 1102 889 dicit:

508 918 525 957 i
554 919 632 957 hac
661 931 831 968 mecum,
862 923 909 959 ut
936 919 1076 961 videas
1106 919 1228 959 simul

510 991 621 1028 tuam
652 988 918 1029 Alcumenam
947 989 1149 1042 pellicem,
1179 990 1284 1029 Iuno
1315 1002 1416 1029 mea.

232 1057 324 1096 Hoc
346 1056 435 1096 loco
457 1062 618 1110 poetam
649 1072 739 1099 rem
758 1060 954 1099 Romanis
973 1060 1157 1110 ignotam
1181 1062 1358 1099 tractare
1388 1061 1560 1110 apparet
1587 1058 1696 1107 inde,

233 1127 341 1179 quod
373 1127 603 1180 explicandi
644 1141 765 1168 causa
794 1129 926 1169 addit:
964 1128 1164 1182 pellicem.
1223 1128 1557 1179 Intelligentibus
1588 1128 1698 1168 enim

231 1199 354 1236 ‘tuam
385 1196 663 1238 Alcumenam'
706 1199 804 1238 satis
847 1199 1022 1240 fecisset.
1095 1201 1233 1252 Atque
1274 1198 1382 1238 sicut
1422 1199 1695 1251 metonymice

230 1265 393 1306 Ulixem
422 1280 496 1318 pro
523 1267 646 1316 soci0,
679 1268 894 1309 Nestorem
925 1273 965 1309 et
985 1268 1153 1308 Thalem
1183 1282 1258 1321 pro
1290 1268 1475 1320 sapiente
1505 1267 1695 1320 usurpari

229 1334 425 1386 vidimus,
458 1336 516 1377 sic
545 1337 795 1378 Alcumenae
825 1352 972 1379 nomen
1004 1337 1139 1378 induit
1169 1338 1380 1378 notionem
1410 1337 1581 1391 pellicis,
1615 1350 1695 1391 qua

229 1404 297 1444 via
326 1406 503 1457 praeivit
531 1408 831 1460 Aristophanes
862 1422 924 1449 av.
958 1408 1064 1448 557:

774 1475 844 1517 καὶ
874 1479 1004 1517 τοῖσιν
1034 1479 1193 1517 θεοῖσιν
1223 1471 1414 1517 ἐπειπεῖν

341 1540 411 1584 διὰ
441 1546 514 1596 τῆς
542 1542 676 1599 χώρας
704 1547 777 1598 τῆς
807 1540 1004 1599 ὑμετέρας
1035 1543 1222 1587 ἐστυκόσι
1253 1542 1309 1598 μὴ
1340 1546 1565 1596 διαφοιτᾶν

342 1609 478 1667 ὥσπερ
509 1610 708 1667 πρότερον
738 1610 1017 1666 μοιχεύσοντες
1046 1610 1119 1662 τὰς
1148 1610 1376 1667 Αλκμήνας
1405 1613 1647 1666 κατέβαινον

341 1680 412 1722 καὶ
442 1679 516 1731 τοὶς
544 1678 719 1731 Ἀλόπας
749 1681 819 1725 καὶ
851 1679 922 1731 τοὶς
954 1682 1133 1736 Σεμέλας

340 1754 469 1793 Porro
509 1753 554 1792 in
593 1767 632 1793 v.
674 1756 758 1793 488
798 1754 885 1793 filio
927 1754 1168 1794 lamentanti
1208 1755 1316 1808 quod
1356 1758 1474 1806 pater
1514 1755 1691 1806 puellam

223 1822 401 1863 vendere
442 1822 622 1863 animum
652 1823 882 1874 induxerit,
929 1824 1044 1864 adest
1073 1824 1224 1864 amicus
1256 1824 1326 1878 qui
1357 1827 1516 1876 patrem
1547 1838 1590 1864 se
1621 1825 1690 1864 de-

222 1892 504 1933 fraudaturum
545 1897 588 1933 et
631 1898 759 1933 semet
799 1895 933 1946 ipsum
973 1895 1149 1946 puellam
1191 1898 1423 1945 empturum
1454 1908 1542 1934 esse
1572 1894 1690 1945 polli-

222 1964 360 2001 cetur:

221 2029 299 2069 Sed
330 2031 438 2070 unde
469 2032 550 2071 erit
579 2031 820 2082 argentum?

220 2100 423 2140 Achillem
447 2102 583 2151 orabo,
615 2114 758 2141 aurum
779 2107 827 2141 ut
846 2101 947 2141 mihi
976 2101 1055 2152 det,
1088 2102 1245 2143 Hector
1274 2102 1344 2156 qui
1365 2115 1571 2154 expensus
1592 2103 1684 2144 fuit.

220 2170 341 2209 Tanti
374 2172 516 2224 quanti
549 2171 692 2223 poscit,
723 2172 796 2212 vin
826 2171 931 2211 tanti
963 2185 1051 2211 eam
1083 2172 1244 2224 emi?²)

220 2239 416 2280 Conferas
446 2242 720 2292 fragmentum
751 2255 803 2282 ex
832 2241 992 2294 Diphili
1022 2235 1213 2297 Ἐμπόρῳ
1243 2245 1467 2293 sumptum,
1500 2255 1580 2297 quo
1614 2257 1685 2285 ex-

218 2308 409 2360 plicatur,
440 2311 618 2365 aliquem
648 2325 723 2363 pro
756 2325 906 2362 congro
937 2315 1097 2351 tantum
1128 2312 1308 2361 solvisse,
1341 2316 1539 2365 quantum
1569 2313 1685 2353 Pria-

218 2392 308 2419 mus
340 2394 414 2432 pro
446 2374 638 2422 Hectoris
669 2395 839 2434 corpore
870 2381 1060 2423 solverit:

315 2568 349 2608 1)
386 2568 596 2609 Quamquam
620 2567 656 2599 in
679 2567 740 2600 illa
765 2576 866 2599 scena
889 2567 1034 2608 vestigia
1058 2566 1302 2599 retractationis
1325 2567 1545 2600 inveniuntur
1561 2592 1569 2607 ‚
1604 2578 1683 2601 cum

216 2627 270 2658 bis
295 2630 486 2667 quaeratur,
511 2626 600 2657 unde
624 2626 842 2666 repetendum
868 2626 912 2657 sit
938 2629 1124 2666 argentum,
1149 2629 1262 2656 umen
1286 2629 1367 2666 puto
1392 2627 1597 2659 mentionem
1613 2627 1682 2658 He-

214 2683 316 2715 ctoris
349 2694 417 2716 non
441 2682 651 2715 tribuendam
676 2693 750 2715 esse
773 2683 1002 2723 retractaturi,
1040 2683 1128 2723 quod
1161 2682 1218 2713 ille
1253 2686 1452 2715 retractator
1487 2687 1577 2716 certe
1611 2694 1682 2716 am-

212 2741 376 2782 plificavit
399 2742 563 2783 exempla,
588 2751 697 2782 neque
721 2751 803 2774 vero
827 2742 903 2784 ipsa
927 2742 1082 2782 exempla
1104 2740 1257 2775 inseruit.
