1880 3245
783 167 1076 210 -312—

197 285 293 314 non*
310 270 420 323 fugit
447 271 667 313 Herculem
698 272 806 324 apud
827 271 1003 312 Graecos
1032 273 1202 323 propter
1230 270 1493 324 πολυφαγίαν
1522 271 1665 311 cohae-

196 353 287 380 rere
316 352 407 379 cum
439 352 565 380 coena
594 344 637 380 et
665 334 1003 389 commissatione,
1033 353 1126 379 nam
1158 340 1267 392 apud
1297 340 1515 380 Pindarum
1546 340 1666 392 (frag.

203 411 296 451 150.
335 408 400 449 ed.
448 409 657 462 Boeckh.),
706 408 889 461 Euripid.
929 409 1085 451 Alcest.
1136 405 1237 450 '747'
1272 423 1378 464 equ„
1428 410 1511 450 785
1567 423 1665 465 eqs.‚

197 478 460 529 Aristophani.
501 479 717 531 Lysistrat.
758 482 843 518 928
885 478 954 531 (cf.
998 480 1124 519 schol.
1172 481 1223 518 ad
1254 481 1295 519 h.
1326 479 1371 530 1.)
1414 480 1565 519 Athen.
1608 478 1665 519 X.

196 546 285 600 (pff.
317 550 397 588 411
434 547 537 603 eqs.)
577 549 626 589 de
665 548 742 588 hac
778 561 824 589 re
865 548 1015 589 certior
1053 547 1142 589 fieri
1172 553 1302 602 potes.
1368 548 1447 589 Sed
1477 549 1555 589 hoc
1584 549 1666 589 for-

195 620 304 658 tasse
333 631 416 658 non
446 618 618 662 multum
646 617 758 659 valet
797 619 847 658 ad
876 619 1137 659 tribuendum
1179 620 1287 659 hunc
1317 631 1480 659 versum
1511 618 1665 658 Graeco

196 689 354 737 poetae.
416 686 534 730 Quod
556 686 656 726 mihi
678 687 961 738 gravissimum
992 700 1080 728 esse
1109 688 1284 738 videtur,
1316 687 1459 728 Graeci
1489 687 1667 728 artifices

198 769 278 795 non
322 756 447 795 semel
493 756 703 796 finxerunt
743 756 962 796 Herculem
1010 758 1165 797 ebrium
1207 758 1273 808 (cf.
1305 757 1510 797 Welcker.
1554 758 1665 798 Mon.

196 827 279 865 ant.
313 828 350 875 3,
382 828 480 865 415.
512 825 616 878 416)
646 826 787 866 eodem
818 825 1009 875 consilio,
1053 840 1133 880 quo
1166 826 1373 878 Lysippus
1403 825 1473 865 ille
1504 839 1667 877 compo·

196 894 278 934 suit
307 906 398 934 eum
429 894 647 940 Herculem
660 925 670 943 ,
715 895 780 936 cui
812 907 1038 946 cognomen
1069 896 1249 936 additum
1281 898 1345 936 est
1375 892 1667 948 ἐπιτραπέζιος,

198 967 244 1003 ut
283 967 390 1003 esset
429 964 473 1002 in
504 967 711 1005 exstructa
752 964 893 1005 tabula
931 965 1046 1017 quasi
1086 965 1185 1004 deus
1228 964 1447 1004 ebrietatis.
1516 964 1666 1017 Itaque

196 1032 274 1074 hoc
303 1046 427 1074 versu
456 1034 658 1085 parasitus
687 1034 792 1075 nihil
822 1034 932 1079 aliud
961 1034 1062 1075 dicit
1090 1035 1169 1075 nisi
1200 1035 1300 1075 hoc:
1341 1047 1433 1075 cum
1462 1033 1665 1085 parasitus

196 1102 272 1142 sim
292 1105 424 1155 vatque
455 1115 616 1154 semper
655 1104 838 1144 studeam
877 1100 1090 1156 τραπέζαις
1129 1105 1385 1152 accumbere,
1431 1103 1473 1142 id
1515 1115 1666 1142 numen

195 1172 365 1222 invoco,
407 1173 516 1226 quod
546 1172 662 1227 quasi
702 1186 793 1213 mea
831 1173 974 1214 nutrix
1013 1173 1216 1224 significat
1260 1174 1380 1213 deum
1417 1172 1555 1222 illum,
1596 1173 1666 1226 qui

195 1245 333 1282 tuetur
362 1242 454 1281 illas
483 1239 698 1295 τραπέζας;
729 1246 854 1295 atque
883 1243 920 1282 is
950 1251 1013 1285 est
1039 1237 1240 1295 ““Ηρακλῆς
1270 1239 1559 1294 ἐπιτραπέζιος.

312 1311 506 1352 Versibus
538 1314 769 1351 392—393
803 1311 916 1364 Lyco
948 1311 1041 1352 leno
1073 1312 1354 1352 Curculienem
1386 1311 1558 1352 salutat:

196 1382 243 1421 L.
319 1380 502 1433 Unocule
532 1380 664 1422 salve!
724 1381 767 1420 C.
800 1380 961 1423 Quaeso
993 1381 1206 1421 deridesne
1235 1379 1327 1421 me?

310 1450 373 1490 De
403 1449 602 1491 Coclitum
632 1450 821 1504 prosapia
849 1453 890 1491 te
922 1464 1009 1491 esse
1040 1451 1241 1491 arbitror:

313 1521 417 1560 Nam
448 1520 486 1560 ei
527 1523 622 1560 sunt
650 1520 827 1560 unoculi.
888 1521 931 1561 O.
963 1521 1178 1573 Catapulta
1206 1521 1285 1560 hoc
1314 1520 1480 1561 ictumst
1508 1521 1608 1560 mihi
1629 1518 1646 1576 ΙΙ

592 1590 700 1644 apud
736 1590 964 1643 Sicyonem.

162 1686 169 1694 ·
199 1664 347 1703 Posset
386 1659 535 1713 aliquis
578 1660 779 1714 cogitare,
825 1660 1049 1710 significari
1079 1659 1280 1700 Coclitum
1320 1660 1513 1713 prosapia
1554 1660 1666 1700 illam

200 1731 470 1773 Horatianam
502 1730 693 1781 stirpem,
741 1729 855 1769 cuius
886 1734 1029 1769 auctor
1068 1729 1112 1768 in
1153 1733 1279 1782 ponte
1309 1729 1489 1769 Sublicio
1521 1730 1660 1769 defen-

203 1801 338 1842 dendo
368 1798 616 1840 clarissimus
633 1798 830 1845 ,redditus
861 1802 935 1839 est.
996 1798 1075 1838 Sed
1107 1798 1141 1838 si
1171 1799 1251 1838 hoc
1282 1801 1504 1852 spectasset
1532 1803 1666 1853 poeta,

203 1874 313 1912 certe
343 1884 426 1909 non
458 1870 650 1909 dixisset:
695 1868 766 1922 qui
808 1873 903 1908 sunt
944 1868 1133 1916 unoculi,
1179 1881 1273 1907 nam
1312 1868 1385 1907 illa
1421 1882 1522 1918 gens
1562 1882 1666 1922 quae

200 1940 367 1989 fuisset,
396 1937 506 1989 *satis
537 1941 678 1978 notum
710 1941 798 1978 erat
828 1937 1044 1986 Romanis;
1075 1940 1289 1990 praeterea
1318 1937 1458 1978 Cocles
1489 1951 1572 1977 non
1604 1941 1668 1978 est

202 2009 446 2052 vocabulum
474 2007 647 2047 Latinae
685 2007 868 2058 originis.
927 2009 1038 2057 Ergo
1068 2007 1150 2046 iam
1179 2007 1410 2057 Scaligerus
1441 2008 1542 2047 duce
1572 2008 1665 2048 Ser-

206 2079 275 2121 vio
306 2078 356 2118 ad
376 2079 479 2117 Aen.
500 2076 619 2118 VIII.
643 2080 751 2116 640:
781 2075 917 2116 luscos
947 2075 1111 2116 coclites
1142 2074 1337 2115 dixerunt
1366 2075 1527 2129 antiqui
1557 2077 1666 2115 unde

205 2153 247 2190 et
276 2148 475 2202 Cyclopas
507 2146 672 2187 coclites
701 2146 874 2197 legimus
904 2146 1034 2185 dictos
1048 2176 1058 2194 ,
1105 2145 1212 2198 quod
1244 2158 1370 2184 unum
1400 2146 1562 2185 oculum
1593 2146 1665 2185 ha-

201 2218 337 2259 buisse
378 2216 592 2258 videntur:
634 2219 745 2256 recte
784 2214 1090 2265 demonstravit,
1122 2215 1200 2254 hoc
1240 2213 1330 2253 loco
1369 2214 1461 2265 illos
1492 2214 1667 2256 Coclites

204 2302 294 2332 esse
327 2282 572 2334 Κύκλωπας,
603 2299 695 2327 cum
723 2284 787 2326 illi
816 2286 992 2326 fuissent
1020 2284 1196 2333 unoculi,
1229 2284 1339 2337 quod
1369 2288 1481 2324 recte
1509 2285 1666 2325 iudica-

203 2361 292 2398 tum
321 2369 409 2399 esse
447 2340 532 2395 una
571 2367 663 2395 cum
693 2355 794 2396 viris
825 2354 954 2395 doctis
984 2354 1104 2394 facile
1135 2353 1327 2393 concedo.
1398 2353 1501 2393 Orta
1530 2358 1666 2394 autem

201 2429 265 2467 est
292 2425 365 2465 illa
395 2423 642 2476 comparatio
674 2437 727 2465 ex
755 2424 929 2464 historia
957 2423 1144 2472 fabulari,
1175 2422 1220 2462 in
1253 2434 1333 2476 qua
1363 2423 1562 2475 Cyclopes
1592 2437 1668 2463 un-

203 2495 341 2537 oculos
370 2494 497 2535 misse
527 2506 581 2533 ex
611 2492 786 2547 Odyssia
816 2493 915 2535 satis
944 2497 1116 2534 constat.
1177 2493 1225 2533 cf.
1256 2496 1470 2545 praeterea
1500 2505 1553 2533 ex
1572 2493 1669 2533 Ora-

200 2565 277 2606 tini
303 2560 535 2620 {Odvocbme
561 2563 707 2614 fragm.
736 2564 844 2617 apud
865 2564 1059 2618 Prym'ch.
1080 2563 1165 2604 Ecl.
1186 2565 1258 2603 att.
1279 2577 1319 2615 p.
1347 2565 1426 2602 136
1449 2562 1589 2613 (Mein.
1609 2563 1667 2602 11.

201 2649 269 2687 pg.
297 2634 408 2687 loo.)
430 2628 751 2684 Μονόφθαλμον
772 2630 823 2673 οὗ
845 2631 1001 2686 ῥητέον,
1024 2629 1329 2685 ἑτερόφθαλμον
1350 2628 1394 2672 δὲ
1427 2663 1434 2671 .
1468 2633 1671 2685 Κρατῖνος

201 2700 277 2760 γὰρ
306 2699 538 2755 μονόματον
568 2695 728 2742 εἴπετόν
750 2698 970 2743 Κύκλωπα.
1018 2703 1183 2755 Spectat
1202 2715 1299 2744 vero
1332 2705 1420 2742 tota
1439 2715 1505 2743 res
1525 2702 1576 2741 ad
1598 2703 1668 2742 ob-
