1880 3245
793 177 851 184 -
911 153 967 198 63
1027 178 1086 186 -

211 261 442 304 coniectura
467 257 623 298 inserat
642 253 795 305 ‘ocelli’,
827 269 908 310 qua
926 258 969 297 in
990 272 1033 298 re
1056 259 1172 299 ocelli
1195 260 1363 299 eandem
1383 272 1470 299 rem
1491 259 1678 310 spectant

210 336 343 386 atque
362 339 529 368 amores.
590 325 842 378 Quamquam
886 340 1035 378 negare
1066 343 1148 369 non
1178 342 1363 380 possum,
1405 330 1511 368 hanc
1540 340 1677 367 emen-

210 400 415 440 dationem
446 409 527 436 non
549 408 670 445 egere
699 394 786 434 veri
809 396 954 446 specie,
987 410 1075 437 cum
1097 402 1205 438 certe
1226 409 1383 437 amores
1403 398 1511 447 regis
1532 400 1676 437 ornate

209 472 252 509 et
278 466 487 508 luxuriose
517 465 770 514 colerentur,
815 468 951 505 tamen
981 466 1209 516 intelligere
1253 480 1432 521 nequeo,
1474 468 1524 506 ad
1555 480 1675 520 quem

169 559 174 562 ·
209 537 454 578 Antiochum
484 535 562 574 hoc
586 521 845 573 'referendum
876 535 951 584 sit,
991 537 1252 589 quamobrem
1281 536 1564 587 interpretatio
1597 537 1672 575 ite-

207 620 297 647 rum
337 607 500 654 haeret,
546 603 654 657 quod
696 605 809 643 vetat
839 603 998 645 Goetzii
1040 605 1310 645 coniecturam
1353 606 1536 656 probare.
1596 605 1675 644 Sed

210 674 452 726 Muellerus,
497 675 544 712 ut
584 671 722 711 hiatus
763 672 997 722 tolleretur,
1040 686 1115 724 pro
1147 673 1273 713 oculis
1303 673 1477 712 coniecit
1508 670 1674 722 ‘eculei’,

210 755 312 798 quae
351 742 583 783 coniectura
621 740 740 781 valde
778 740 883 781 mihi
924 742 1098 791 arridet3
1150 742 1345 781 habemus
1387 742 1495 780 enim
1538 754 1674 793 regem

209 812 455 853 Antiochum
468 842 478 859 ,
519 810 562 849 in
594 823 715 863 quem
746 811 881 851 omnia
908 811 981 850 illa
1010 811 1242 851 coniectura
1272 814 1436 861 accepta
1466 812 1675 864 quadrant.

207 883 281 923 Est
309 881 379 922 ille
411 880 642 921 Antiochus
663 880 909 932 Epiphanes,
942 882 1051 934 quod
1082 894 1306 931 cognomen
1337 894 1361 919 a
1391 879 1564 932 Polybio
1585 893 1676 920 ver-

208 952 309 992 titur
348 951 391 989 in
432 949 661 1001 Epimanen
701 953 868 1001 propter
908 950 995 990 eius
1040 963 1184 990 mores.
1257 952 1394 1004 Atque
1434 949 1549 988 illum
1591 952 1675 988 An-

208 1021 388 1060 tiochum
430 1018 579 1058 multos
628 1022 670 1058 et
711 1019 1052 1070 praeclarissimos
1094 1033 1220 1073 equos
1264 1019 1472 1068 habuisse,
1526 1018 1596 1072 qui
1637 1019 1675 1057 ei

208 1101 385 1128 summae
415 1101 533 1128 curae
564 1092 699 1137 erant,
731 1089 897 1140 colligas
928 1101 980 1128 ex
1011 1088 1162 1128 Granio
1195 1089 1425 1137 Liciniano,
1459 1088 1529 1141 qui
1560 1088 1675 1127 dicit:

207 1163 248 1197 et
278 1161 491 1197 asturcone
530 1171 721 1209 pompam
753 1158 944 1207 ducebat;
977 1158 1045 1211 qui
1079 1162 1313 1197 asturcones
1344 1158 1511 1196 fuerunt
1541 1157 1676 1196 excel-

207 1229 337 1268 lentes
368 1228 475 1281 equi,
506 1240 600 1267 nam
629 1227 786 1267 Plinius
816 1229 855 1268 h.
887 1242 926 1268 n.
961 1228 1076 1277 VIII,
1111 1221 1187 1268 67ss
1218 1231 1235 1267 1
1270 1230 1430 1267 narrat:
1460 1228 1504 1266 in
1535 1228 1673 1267 eadem

208 1297 409 1348 Hispania
441 1297 618 1337 Gallaica
661 1310 760 1348 gens
803 1301 865 1337 est
910 1301 951 1337 et
988 1298 1187 1337 Asturica.
1229 1297 1367 1351 equini
1412 1297 1573 1348 generis
1603 1291 1672 1326 '—

207 1366 250 1405 hi
281 1370 376 1416 sunt
418 1381 520 1420 quos
560 1368 788 1407 thieldones
828 1381 1039 1416 vocamus,
1083 1367 1237 1406 minore
1280 1368 1410 1406 forma
1448 1367 1673 1418 appellatos

206 1438 449 1485 asturcones,
484 1459 537 1465 —-
570 1436 745 1487 gignunt
785 1436 932 1489 quibus
964 1449 1045 1475 non
1076 1435 1256 1487 volgaris
1280 1436 1331 1473 ¹in
1362 1448 1481 1475 cursu
1511 1437 1670 1486 gradus,

207 1505 276 1543 sed
308 1505 440 1544 mollis
481 1506 638 1546 alterno
682 1519 841 1546 crurum
884 1505 1090 1556 explicatu
1116 1505 1388 1554 glomeratio,
1419 1505 1526 1544 unde
1557 1505 1673 1558 equis

209 1573 370 1612 tolutim
401 1586 544 1625 capere
573 1574 759 1614 incursus
790 1574 963 1613 traditur
991 1577 1091 1613 arte.
1151 1574 1359 1612 Habemus
1388 1573 1514 1623 igitur
1544 1573 1670 1612 inter-

207 1643 475 1693 pretationem
506 1645 610 1684 bene
641 1645 917 1697 quadrantem,
949 1656 1192 1697 quamquam
1223 1655 1270 1681 ea
1300 1646 1464 1694 accepta
1493 1646 1670 1683 statuere

205 1724 279 1750 nos
322 1726 423 1763 opus
464 1718 546 1763 est,
585 1714 660 1753 hos
700 1726 842 1753 versus
885 1725 967 1751 non
999 1724 1021 1750 a
1051 1712 1194 1751 Plauto
1237 1712 1429 1763 scriptos,
1468 1724 1561 1750 nam
1600 1712 1670 1751 ille

207 1781 434 1822 Antiochus
464 1782 699 1834 Epiphanes
729 1795 835 1822 anno
871 1780 952 1820 579
985 1794 1019 1820 a.
1050 1795 1088 1820 u.
1120 1795 1152 1821 c.
1184 1794 1352 1832 regnum
1385 1781 1581 1830 obtinuit,
1623 1786 1670 1821 ut

206 1861 297 1887 eum
329 1850 497 1891 Plautus
528 1853 737 1892 nominare
768 1850 976 1905 aequalem
1007 1864 1091 1889 non
1121 1854 1277 1901 posset,
1311 1862 1406 1900 ergo
1435 1852 1670 1890 retractanti

205 1923 348 1969 poetae
388 1921 593 1960 tribuendi
638 1924 743 1961 sunt.
816 1920 950 1964 Quid?
1003 1921 1109 1974 quod
1152 1934 1212 1961 vs.
1256 1923 1485 1959 688—694
1527 1920 1671 1961 deletis

206 2001 413 2029 connexus
444 1991 735 2034 sententiarum
766 1991 934 2030 minime
962 1991 1234 2042 perturbatur.
1294 1991 1424 2029 Immo
1462 2002 1552 2029 mea
1582 1990 1671 2043 qui-

206 2057 295 2096 dem
326 2060 528 2100 sententia
557 2046 684 2111 magis
715 2064 808 2111 apte
838 2060 953 2099 illum
984 2073 1170 2100 versum:

412 2129 646 2180 Hospitium
676 2133 718 2169 te
747 2130 862 2169 aiunt
891 2128 1118 2182 quaeritare
1148 2150 1205 2156 —
1235 2128 1420 2181 quaerito
1485 2129 1490 2132 ”

204 2194 474 2249 insequuntur
502 2199 590 2239 isti:

378 2268 523 2319 edepol
553 2283 604 2309 ne
634 2269 735 2309 illud
765 2269 841 2310 tibi
872 2282 1035 2320 possum
1065 2268 1256 2310 festivom
1289 2269 1383 2308 dare
1414 2282 1497 2322 eqs.

206 2346 325 2387 quam
357 2336 417 2377 eiz

379 2406 421 2445 id
451 2407 510 2446 illi
541 2408 595 2446 mi
627 2409 840 2457 dixerunt,
871 2408 965 2461 quei
996 2421 1020 2446 a
1049 2420 1114 2446 me
1144 2408 1333 2447 abierunt
1364 2408 1495 2457 modo,

377 2478 419 2515 te
461 2478 689 2530 quaeritare
732 2490 757 2516 a
795 2476 962 2526 muscis;
1005 2490 1095 2516 cum
1135 2477 1177 2516 id
1217 2477 1296 2515 iam
1336 2476 1435 2516 insit
1475 2476 1517 2515 in
1559 2482 1671 2517 ante-

204 2543 362 2583 cedenti
392 2559 535 2586 versu:
564 2546 786 2597 hospitium
816 2550 857 2586 te
887 2546 1002 2585 aiunt
1033 2546 1274 2599 quaeritare.
1333 2546 1442 2597 Ergo
1474 2551 1669 2599 quantum

205 2622 280 2661 ego
309 2613 448 2654 videre
478 2628 653 2667 possum,
684 2628 737 2655 ne
766 2616 843 2656 hoc
872 2615 1036 2669 quidem
1067 2616 1174 2667 sapit
1202 2616 1337 2655 Plauti
1367 2619 1553 2655 aetatem·
