1880 3245
799 156 1062 200 -8-

193 267 279 303 tum
312 266 354 303 et
383 264 565 303 adiutum
604 276 710 302 anno
743 266 841 302 565.
881 276 916 303 a.
948 277 986 302 u.
1018 277 1052 303 c.
1084 277 1174 303 cum
1204 262 1350 303 Fulvio
1381 262 1591 303 Nobiliore
1604 261 1664 310 ‚in

195 333 397 372 Aetoliam
439 331 666 382 profectum
697 343 806 380 esse,
840 335 899 371 *ut
929 331 1075 371 Plauto
1107 331 1203 371 vivo
1236 332 1390 371 Romae
1432 345 1514 371 non
1545 330 1665 372 valde

195 403 375 450 floreret,
405 402 516 440 unde
546 402 742 454 sequitur,
776 413 867 439 eum
898 401 1047 441 Plauti.
1066 405 1198 441 aetate
1229 415 1313 458 non
1342 404 1425 440 tam
1456 413 1577 452 saepe
1596 399 1666 440 fa·
1734 401 1736 403 ’

193 471 311 510 bulas
342 471 487 521 egisse.
549 469 707 512 Quibus
738 483 792 508 ex
820 470 942 508 rebus
974 473 1164 521 apparet,
1202 471 1407 509 Romanos
1437 469 1666 520 tragoedias

197 540 333 590 legere
364 553 446 579 non
477 539 681 590 potuisse,
721 539 829 592 quod
862 551 1104 592 quamquam
1135 552 1160 578 a
1189 539 1397 580 comoedia
1425 539 1475 578 ad
1506 542 1664 589 tragoe-

195 609 302 647 diam
348 608 650 657 transtulimus,
702 612 836 648 tamen
886 620 1005 647 nemo
1048 608 1127 647 erit
1167 609 1238 662 qui
1281 608 1403 648 stulte
1444 608 1665 649 iudicatum

196 681 379 727 censeat,
423 692 512 717 eum
555 692 638 718 non
669 678 831 729 ignoret
871 682 913 718 et
953 678 1202 728 tragoediam
1242 684 1284 718 et
1324 677 1572 718 comoediam
1612 690 1666 717 ex

194 748 343 786 eisdem
376 747 634 787 incunabulis
675 752 784 787 ortas
824 760 913 787 esse
953 761 1086 801 neque
1127 747 1256 787 solum
1288 747 1550 798 tragoediam,
1594 759 1664 786 ve-

192 831 281 856 rum
324 818 445 857 etiam
488 818 735 857 comoediam
775 818 825 856 ad
857 818 1025 857 eandem
1063 830 1149 857 rem
1179 817 1447 868 spectavisse,
1485 816 1662 869 denique

196 908 253 915 —
288 900 422 940 neque
454 887 531 926 hoc
562 886 694 926 levius
726 890 788 926 est
817 910 872 915 —
906 887 1046 926 eodem
1078 899 1226 937 genere
1253 899 1422 937 poeseos
1453 886 1664 926 contineri.

313 957 391 996 Sed
423 957 551 996 altera
581 957 711 995 oritur
741 955 947 1009 quaestio,
989 969 1085 994 num
1117 956 1290 995 Romani
1322 955 1480 995 fabulas
1510 956 1554 994 in
1584 959 1663 996 tra-

195 1026 350 1076 goediis
381 1030 566 1077 peractas
591 1025 821 1076 perspicere
843 1024 1062 1075 potuerint.
1125 1023 1379 1078 Quamquam
1409 1025 1550 1076 negari
1580 1038 1663 1064 non

192 1099 329 1145 potest
346 1125 355 1143 ,
399 1095 572 1134 Graecas
612 1094 769 1133 litteras
815 1094 1017 1134 Plautinis
1058 1095 1310 1145 temporibus
1341 1095 1494 1134 Romae
1536 1094 1664 1134 cultas

194 1178 293 1212 esse,
326 1168 462 1204 tamen
493 1177 652 1215 semper
683 1163 870 1214 cogitetis
900 1164 1035 1213 velim,
1066 1164 1176 1203 illam
1208 1164 1434 1205 litterarum
1466 1163 1662 1215 cognitio-

195 1247 289 1273 nem
322 1240 363 1274 et
393 1235 582 1274 notitiam
612 1234 656 1273 in
686 1234 776 1273 istis
806 1234 973 1274 familiis
997 1234 1196 1283 floruisse,
1229 1233 1281 1273 ex
1303 1234 1450 1288 quibus
1481 1247 1562 1272 una
1592 1246 1663 1273 no-

192 1304 351 1343 tissima
381 1305 499 1343 nobis
540 1308 603 1344 est
633 1317 733 1354 gens
763 1303 1010 1354 Scipionum.
1080 1303 1130 1342 Ei
1171 1308 1306 1343 autem
1351 1304 1421 1358 qui
1454 1303 1665 1347 Plautinas

195 1374 425 1413 comoedias
464 1374 722 1424 spectabant,
771 1373 863 1412 illas
905 1373 1062 1412 fabulas
1103 1375 1320 1423 spectando
1367 1373 1665 1424 cognoscebant

194 1446 318 1495 atque
349 1443 468 1482 valde
501 1442 696 1481 differunt
725 1443 775 1480 ab
808 1441 867 1481 eis
898 1441 968 1495 qui
1000 1442 1163 1491 gloriari
1195 1446 1416 1493 potuerunt
1437 1455 1489 1482 -se
1511 1441 1663 1480 Graeco

194 1526 308 1551 more
342 1513 533 1552 educatos
564 1525 664 1552 esse.
725 1514 861 1565 Atque
893 1511 925 1551 si
948 1515 1064 1551 erant
1093 1512 1171 1551 hoc
1193 1513 1311 1552 modo
1333 1512 1523 1560 instituti,
1555 1514 1662 1549 certe

193 1581 387 1620 libentius
417 1582 576 1621 fabulas
603 1582 714 1632 ipsas
735 1581 907 1621 Graecas
937 1582 1125 1632 legerunt
1154 1595 1275 1634 quam
1304 1582 1395 1621 illas
1416 1581 1541 1621 latine
1570 1592 1659 1620 ver-

194 1664 269 1689 sas.
334 1652 446 1690 Adde
479 1652 587 1704 quod
618 1663 751 1704 neque
781 1664 972 1704 umquam
1005 1652 1158 1690 Romae
1198 1651 1281 1690 ludi
1313 1651 1462 1691 scenici
1501 1651 1560 1690 ita
1589 1662 1660 1688 ex-

194 1724 348 1760 structa
379 1725 496 1760 erant
525 1724 571 1760 ut
592 1720 776 1769 Athenis,
811 1734 900 1759 cum
931 1734 1013 1759 non
1043 1734 1067 1759 a
1097 1720 1254 1761 civibus
1284 1721 1661 1772 representarentur

195 1789 374 1838 civibus,
417 1790 485 1842 qui
518 1791 622 1828 bene
654 1789 802 1828 eruditi
831 1793 963 1838 erant,
1008 1790 1076 1828 sed
1108 1790 1157 1829 ab
1187 1789 1456 1830 histrionibus
1485 1787 1661 1828 incultae

193 1863 319 1911 atque
349 1860 439 1898 rudi
472 1859 583 1911 plebi
602 1859 642 1911 ²)
673 1859 897 1899 delectandi
929 1872 1058 1909 causa,
1090 1873 1194 1912 quae
1224 1860 1357 1900 minus
1388 1859 1662 1900 delectabatur

193 1928 284 1978 ipsa
313 1929 450 1968 fabula
482 1942 601 1982 quam
632 1928 920 1976 histrionibus,
960 1929 1028 1982 qui
1061 1942 1148 1968 eam
1179 1931 1527 1980 representabant.
1584 1930 1659 1967 At-

196 2010 277 2051 que
309 1997 369 2036 illi
402 1998 510 2049 plebi
544 2011 702 2049 semper
732 1997 904 2046 fabulae,
937 2011 1041 2051 quae
1063 1998 1353 2050 mythologiam
1384 1999 1488 2039 alius
1518 1997 1660 2050 populi

192 2072 495 2118 excerpserunt,
528 2081 659 2109 novae
690 2072 812 2119 atque
835 2068 1048 2107 inauditae
1080 2082 1167 2107 esse
1199 2069 1444 2117 debuerunt,
1486 2073 1527 2106 et
1544 2081 1661 2106 ⁴uuus

192 2136 364 2189 quisque
407 2138 620 2185 concedet,
679 2137 800 2176 talem
843 2137 1003 2188 plebem
1051 2137 1130 2175 iam
1172 2137 1461 2189 psychologica
1503 2136 1659 2176 ratione

192 2206 290 2244 novi
332 2207 487 2260 aliquid
526 2221 608 2247 non
642 2207 778 2247 statim
821 2211 1035 2258 penetrare
1065 2207 1268 2258 potuisse,
1310 2208 1379 2247 sed
1419 2207 1529 2247 aliud
1569 2220 1659 2247 cum

191 2275 271 2313 alio
306 2276 526 2316 miscuisse.
590 2276 702 2318 Quae
733 2290 822 2316 cum
854 2278 914 2316 ita
943 2277 1045 2325 sint,
1085 2277 1251 2315 dubium
1283 2290 1369 2317 esse
1400 2291 1481 2316 non
1513 2281 1659 2328 potest,

190 2345 290 2397 quin
323 2344 394 2383 illa
424 2345 540 2395 plebs
571 2346 752 2385 Romana
796 2346 954 2385 fabulas
985 2346 1228 2386 Graecorum
1260 2346 1534 2398 mythologiae
1576 2358 1659 2385 non

191 2414 355 2453 novisse
387 2427 521 2466 neque
553 2419 714 2464 praesto
746 2416 895 2454 habere
927 2415 1119 2465 potuerit,
1151 2428 1241 2454 cum
1270 2416 1315 2454 in
1335 2415 1469 2454 Plauti
1503 2427 1659 2454 comoe-

284 2528 318 2573 1)
345 2531 386 2561 cf.
411 2531 567 2561 Momms.
592 2530 613 2560 1.
640 2530 663 2560 1.
700 2530 757 2569 qui
796 2530 876 2561 dicit
900 2531 1027 2562 Romae
1054 2529 1217 2562 Graecam
1255 2530 1427 2562 scientiam
1462 2531 1562 2562 valde
1600 2530 1658 2561 flo-

189 2597 308 2618 rulsse.

284 2645 319 2688 2)
344 2647 387 2677 cf.
414 2646 569 2677 Momms.
595 2646 653 2685 qui
679 2645 837 2685 exponit:
863 2656 898 2677 es
922 2656 993 2677 war
1018 2647 1073 2677 ein
1096 2646 1283 2687 Publicum,
1312 2647 1372 2678 wie
1397 2656 1475 2678 man
1499 2656 1536 2679 es
1561 2646 1659 2677 haute

187 2703 221 2733 in
249 2702 377 2735 Gratis·
401 2706 470 2735 und
495 2704 974 2745 Feuerwerksvorstellungen
998 2704 1110 2736 findet.
