1880 3245
785 180 1075 225 -47-

400 283 527 325 τῶνδέ
557 280 589 325 τ’
620 281 776 339 ἀμείβει
806 282 1017 334 θανάτους
1047 282 1162 326 θανά
1193 309 1249 316 -—

401 369 482 396 ww
512 351 562 395 τά
592 351 621 396 τ’
656 353 851 408 ἕπόνυμα
881 354 1024 395 δεῖπνα
1058 353 1239 396 Θυέστου
1269 369 1351 410 eqs.

301 426 411 483 ‘Tum
430 425 475 464 in
506 439 634 467 versu*
653 429 735 466 160
767 426 890 465 huius
920 426 1083 466 fabulae
1103 426 1328 478 Sceparnio
1359 426 1458 465 duas
1479 426 1664 476 virgines

192 496 236 535 in
267 494 389 537 litore
419 492 624 546 sedentes.
652 508 753 550 quas
783 496 932 536 fluctus
962 509 1019 537 ex.
1046 496 1142 537 navi
1175 497 1224 536 ad
1256 495 1355 536 litus
1385 496 1661 544 adverterant,

191 565 450 616 conspicatus
482 565 705 606 exclamat:

465 634 536 674 Set
566 648 590 674 ο
620 634 851 684 Palaemon,
883 638 1021 674 sancte
1051 636 1246 690 Neptuni
1265 649 1417 684 comes,

469 703 550 746 Qui
582 702 772 744 Herculis
804 704 936 743 socius
969 717 1056 744 esse
1087 704 1245 746 diceris.

189 773 240 811 cf.
271 772 454 824 Euripid.
485 774 577 824 Iph.
608 773 766 814 Tauric.
800 777 897 823 268,
940 774 1010 814 ubi
1053 777 1192 826 pastor
1232 774 1389 813 duobus
1420 774 1657 813 adulescen-

189 841 302 880 tibus
332 841 376 880 in
407 841 529 881 litore
560 842 788 896 conspectis
817 842 1039 883 exclamat:

270 903 273 906 ’
459 901 493 950 ὦ
522 911 693 959 ποντίας
720 915 801 952 παῖ
825 910 1085 961 Λευκοθέας,
1117 913 1220 951 νεοῖν
1251 908 1395 962 φύλαξ,

457 977 645 1020 Δέσποτα
680 981 906 1033 Παλαῖμον,
937 979 1054 1029 ’ἵλεως
1084 976 1183 1033 ἡμῖν
1212 981 1344 1035 γενοῦ.

307 1054 444 1103 Atque
489 1049 711 1101 Παλαίμων
763 1064 882 1104 quem
925 1051 1098 1091 Romani
1153 1052 1378 1090 Portunum
1430 1050 1654 1102 appellant,

188 1119 481 1169 naufragorum
523 1107 692 1168 numen,
723 1119 898 1175 ideoque
929 1125 1023 1173 apte
1044 1120 1225 1174 Neptuni
1258 1134 1390 1160 comes
1412 1120 1549 1161 vocari
1583 1133 1657 1171 po-

187 1191 292 1238 test,
337 1189 445 1242 quod
489 1189 613 1229 etiam
654 1189 860 1231 Prellerus
902 1191 945 1230 in
987 1190 1158 1243 mythol.
1202 1189 1341 1245 Graec.
1386 1190 1420 1229 I.
1463 1204 1529 1242 pg.
1571 1193 1655 1229 494

187 1258 288 1298 satis
330 1260 624 1311 comprobavit.
712 1260 820 1304 Quid
863 1274 959 1301 vero
1003 1260 1205 1311 significet
1248 1260 1521 1300 ‘Herculis
1573 1274 1656 1299 so-

188 1325 343 1377 cius',
375 1329 473 1368 satis
506 1330 722 1369 obscurum
754 1334 826 1379 est,
858 1343 992 1384 neque
1022 1330 1150 1369 ullum
1181 1330 1359 1370 fructum
1389 1329 1572 1381 capimus
1603 1344 1655 1369 ex

186 1397 435 1450 Apollodoro
467 1399 539 1450 (11.
571 1412 633 1451 cp.
663 1399 719 1451 7.)
752 1399 819 1453 qui
854 1399 1139 1440 Palaemonem
1170 1400 1360 1440 Herculis
1391 1399 1524 1439 filium
1554 1399 1654 1438 dicit

186 1466 227 1516 ἐξ
257 1463 471 1519 Αὐτονόης
512 1469 581 1519 τῆς
615 1466 806 1521 Πειρέως.
870 1470 949 1509 Sed
989 1471 1069 1509 hoc
1109 1474 1265 1510 certum
1307 1473 1370 1510 est
1411 1469 1651 1509 Melicerten

179 1536 334 1578 vnomen
357 1537 613 1577 Palaemonis
646 1552 734 1579 esse
754 1539 1001 1579 Phoeniciae
1023 1539 1180 1589 orginis
1212 1542 1254 1578 et
1282 1539 1390 1579 idem
1421 1539 1652 1590 significare

186 1611 309 1661 atque
340 1607 532 1647 Herculis
562 1621 710 1648 nomen
751 1608 1018 1649 Phoenicium
1051 1607 1329 1661 Μαλίκαρθον
1368 1608 1435 1648 vel
1466 1609 1651 1648 Melcart.

185 1676 401 1731 Sequitur,
447 1680 493 1716 ut
536 1678 733 1731 quaedam
765 1677 1029 1728 {familiaritas
1067 1668 1320 1718 intercedere
1363 1678 1527 1727 debeat,
1572 1692 1651 1732 quo

186 1746 356 1796 accedit,
389 1747 498 1801 quod
527 1747 570 1786 in
601 1747 721 1788 titulo
751 1747 918 1788 Boetico
947 1746 1166 1798 Παλαίμων
1197 1751 1259 1788 est
1288 1761 1512 1798 cognomen
1545 1748 1651 1788 Her-

187 1815 290 1855 culis
322 1816 389 1867 (cf.
411 1816 517 1856 Keil.
548 1817 732 1869 inscript.
766 1818 904 1857 Boeot.
929 1820 995 1858 84.
1018 1818 1102 1869 85),
1131 1821 1254 1870 atque
1284 1818 1390 1856 hanc
1420 1831 1506 1856 rem
1538 1818 1643 1869 apud

187 1885 501 1938 Lycophronem
523 1900 694 1942 quoque,
726 1887 795 1927 ubi
828 1886 1046 1927 Palaemon
1078 1890 1140 1927 est
1170 1881 1386 1939 ἐπώνυμον
1405 1879 1649 1940 Ἡρακλέους

185 1954 431 2004 invenimus,
462 1956 514 1995 cf.
547 1960 651 1996 663:

396 2025 468 2064 τοῦ
502 2020 788 2079 Κηραμύντου,
828 2023 1031 2074 Πευκέως,
1069 2024 1343 2076 Παλαίμονος,
1376 2029 1498 2079 atque
1529 2026 1646 2065 scho-

185 2094 296 2134 liast.
327 2094 377 2134 ad
408 2095 519 2134 hunc
557 2082 712 2145 locum,
758 2096 828 2150 qui
870 2097 913 2135 in
945 2096 1124 2136 Hercule
1155 2095 1397 2135 Palaemone
1428 2095 1648 2135 Herculem

185 2158 421 2211 ἀλεξίκακον
462 2165 610 2205 inesse.
636 2169 765 2218 putat.
828 2165 981 2211 Quodsi
1024 2165 1325 2205 consideramus
1363 2164 1647 2204 Palaemonem

184 2248 333 2274 numen
365 2236 652 2286 naufragorum
684 2237 798 2290 quasi
831 2236 949 2276 deum
978 2237 1230 2276 defensorem
1263 2249 1360 2283 esse,
1394 2248 1476 2273 non
1507 2234 1648 2287 inepte

184 2304 322 2344 vocari
364 2307 500 2356 potest
530 2305 721 2345 Herculis
764 2306 907 2346 socius.
968 2306 1047 2346 Sed
1087 2317 1327 2359 quocunque
1356 2303 1476 2343 modo
1507 2317 1574 2344 res
1606 2319 1648 2344 se

184 2375 328 2424 habet,
372 2388 492 2428 quam
532 2388 639 2414 nunc
678 2375 728 2415 ad
768 2375 891 2416 finem
933 2377 1154 2428 perducere
1195 2374 1316 2413 huius
1345 2373 1424 2413 loci
1457 2388 1542 2413 non
1574 2379 1646 2423 est,

184 2442 362 2483 dubitari
393 2457 476 2484 non
506 2448 661 2497 potest,
704 2446 804 2498 quin
836 2446 989 2485 mentio
1020 2443 1274 2485 Palaemonis
1320 2442 1373 2481 sit
1404 2442 1548 2483 Graeci
1582 2457 1647 2483 co-

183 2511 295 2562 loris,
327 2525 417 2552 cum
449 2514 555 2565 apud
576 2514 745 2553 Latinos
774 2515 927 2555 frustra
957 2527 1126 2568 quaeras
1141 2513 1301 2561 locum,
1334 2525 1414 2565 quo
1436 2513 1647 2552 familiari-

182 2584 246 2621 tas
275 2583 467 2623 Herculis
495 2588 536 2624 et
567 2584 737 2624 Portuni
770 2584 1008 2625 declaretur.

299 2653 442 2692 Restat
470 2653 591 2694 huius
623 2653 785 2694 fabulae
814 2667 955 2715 versus
987 2654 1009 2692 7
1017 2656 1065 2691 61
1084 2684 1093 2701 ,
1125 2652 1195 2691 ubi
1226 2651 1320 2691 leno
1353 2666 1445 2692 cum
1476 2653 1647 2691 feminas

182 2720 385 2788 abducere
415 2736 499 2763 non
529 2723 678 2776 possit,
708 2723 806 2764 dicit
837 2737 879 2762 se
910 2723 1108 2763 adducere
1138 2722 1244 2764 velle
1275 2722 1520 2763 Volcanum:
