1880 3245
826 178 1119 223 -16-

237 287 332 324 205.
367 287 448 323 251
482 285 731 325 mentionem
763 296 1107 336 supervacaneum
1139 288 1216 335 est,
1245 298 1338 326 nam
1369 285 1565 328 historiae
1593 286 1709 326 fabu-
1779 285 1781 287 ’

234 355 330 393 laris
361 355 636 394 Romanorum
667 366 742 394 nec
771 353 867 395 vola
896 368 971 394 nec
1001 355 1218 406 vestigium
1248 360 1431 407 apparet.

353 493 405 532 In
437 493 756 533 Aululariae
786 507 847 534 vs.
878 497 958 534 391
994 507 1079 547 eqs.
1140 494 1281 535 Euclio
1309 494 1481 535 clamat:

953 564 1003 603 Ei
1033 563 1146 613 mihi,

382 633 491 672 Perii
523 633 660 673 hercle
692 646 783 684 ego:
816 646 958 672 aurum
988 633 1163 684 rapitur,
1195 634 1288 673 aula
1316 634 1535 687 quaeritur.

382 703 543 753 Apollo,
576 715 740 756 quaeso,
771 703 943 743 subveni
976 703 1030 742 mi
1062 706 1186 757 atque
1217 704 1388 744 adiuva:

383 771 551 822 Confige
583 772 742 823 sagittis
772 772 885 812 fures
914 773 1238 813 thensaurarios:

384 841 464 883 Qui
495 842 538 881 in
569 855 612 881 re
642 842 714 882 tali
747 842 837 882 aliis
867 842 947 881 iam
980 842 1204 882 subvenisti
1236 842 1439 883 antidhac.

353 911 661 952 Demonstravit
700 911 971 961 Kiesslingius
989 911 1027 963 ¹)
1067 912 1141 951 hos
1178 925 1320 952 versus
1357 912 1591 952 referendos
1621 924 1707 952 esse

235 983 284 1020 ad
304 982 558 1021 invasionem
581 981 798 1030 Gallorum,
832 982 902 1034 qui
924 995 1030 1020 anno
1059 981 1156 1020 273.
1183 994 1217 1019 a.
1240 981 1332 1020 Chr.
1363 981 1544 1032 Delphos
1575 985 1708 1022 vasta-

235 1054 384 1090 verunt
413 1054 535 1103 atque
567 1050 708 1101 templi
743 1050 945 1101 Apollinis
977 1050 1152 1101 diripere
1183 1050 1314 1090 conati
1355 1054 1462 1090 sunt.
1504 1051 1555 1091 cf.
1589 1052 1707 1091 Paus.

234 1119 340 1158 VIII
371 1133 431 1170 cp.
473 1122 544 1158 10:
587 1115 830 1169 ἐκδηλότατα
873 1116 916 1158 δὲ
951 1113 975 1158 o‘
1007 1120 1198 1158 Γαλατῶν
1229 1114 1399 1171 στρατός
1438 1115 1621 1159 ἀπώλετο
1664 1118 1708 1159 ἐν

239 1190 416 1237 Δελφοῖς
459 1183 540 1227 ὑπὸ
582 1189 656 1228 τοῦ
700 1190 825 1236 θεοῦ,
869 1187 937 1228 καὶ
982 1187 1161 1241 ἐναργοῦς
1191 1183 1272 1228 ὖπό
1305 1185 1524 1240 δαιμόνων.
1589 1190 1707 1233 Quod

235 1259 267 1298 si
302 1258 535 1309 cogitamus,
567 1259 745 1309 perbene
776 1258 919 1298 Euclio
952 1263 1040 1299 orat
1069 1260 1120 1298 ab
1144 1259 1346 1311 Apolline,
1376 1264 1423 1300 ut
1453 1260 1559 1312 quod
1589 1266 1710 1300 antea

234 1328 400 1376 fecerit,
431 1329 471 1368 id
504 1329 650 1368 iterum
681 1329 823 1378 faciat,
868 1342 1013 1380 nempe
1043 1329 1215 1379 repellat
1254 1330 1364 1368 fures
1394 1328 1706 1377 thensaurarios,

235 1399 304 1451 qui
337 1402 383 1437 ut
414 1398 509 1437 olim
540 1399 783 1437 thensauros
805 1398 958 1449 templi,
989 1398 1047 1438 ita
1078 1412 1186 1438 nunc
1206 1398 1414 1438 Euclionis
1444 1399 1706 1438 thensaurum

234 1468 393 1506 auferre
435 1472 646 1507 conentur.
720 1468 773 1506 Et
811 1481 901 1507 cum
944 1468 1043 1506 haec
1086 1481 1151 1507 res
1202 1468 1243 1506 in
1286 1467 1437 1507 Graeco
1484 1467 1707 1518 exemplari

232 1538 425 1576 adnotata
455 1550 543 1576 esse
574 1538 731 1585 debeat,
763 1551 834 1576 suo
865 1537 954 1576 iure
981 1537 1168 1576 omnibus
1199 1538 1400 1588 persuasit
1419 1536 1706 1587 Kiesslingius‚

232 1607 409 1645 fabulam
443 1619 563 1658 quam
595 1606 764 1646 Plautus
795 1611 957 1646 secutus
987 1610 1049 1646 est
1078 1607 1122 1645 in
1146 1606 1354 1646 Aulularia
1386 1607 1590 1655 Graecam,
1623 1619 1705 1644 non

235 1676 504 1726 conscriptam
535 1676 660 1715 fuisse
679 1676 770 1715 ‚nisi
801 1680 895 1727 post
925 1689 990 1715 an.
1023 1677 1120 1715 273.
1154 1689 1188 1716 a.
1221 1677 1312 1715 Chr.
1345 1690 1385 1715 n.

353 1746 509 1785 Deinde
540 1745 582 1783 in
615 1759 672 1785 vs.
708 1748 788 1784 551
824 1758 908 1798 eqs.
939 1746 1046 1784 idem
1079 1745 1219 1785 Euclio
1250 1746 1371 1785 homo
1402 1758 1547 1786 avarus
1577 1745 1703 1784 intro-

235 1817 417 1864 ducitur,
463 1815 533 1868 qui
577 1818 823 1868 conquestus
869 1816 977 1868 quod
1014 1819 1096 1854 tam
1144 1815 1259 1854 multi
1302 1815 1420 1867 coqui
1460 1815 1503 1853 in
1544 1815 1704 1853 domum

235 1899 345 1925 suam
380 1885 582 1933 venerint,
617 1885 917 1935 Megaronidem
949 1884 1106 1924 iucusat
1135 1884 1199 1924 his
1229 1885 1384 1925 verbis:

416 1954 523 1996 Quid
556 1955 608 1994 sit
638 1968 701 1993 me
732 1953 907 2004 rogitas?
947 1955 1016 2008 qui
1049 1955 1167 1993 modo
1200 1954 1330 1995 omnis
1359 1953 1529 2005 angulos

412 2025 562 2063 Furum
595 2024 815 2075 implevisti
846 2024 887 2063 in
920 2024 1087 2063 aedibus
1117 2024 1263 2064 misere
1294 2024 1416 2063 mihi:

411 2092 490 2135 Qui
522 2093 778 2133 intromisisti
811 2095 854 2132 in
886 2094 1005 2132 aedes
1036 2094 1283 2146 quingentos
1314 2106 1465 2146 coquos

409 2165 506 2203 Cum
540 2163 648 2203 senis
679 2163 866 2203 manibus
897 2176 1045 2221 genere
1078 2175 1351 2214 geryonaceo:

411 2233 523 2276 Quos
555 2233 586 2273 si
621 2235 755 2283 Argus
786 2219 922 2274 servet
951 2233 1021 2287 qui
1053 2232 1218 2273 oculeus
1246 2234 1356 2272 totus
1385 2231 1476 2280 fuit,

411 2303 538 2346 Quem
572 2304 774 2356 quondam
805 2304 898 2343 Ioni
929 2304 1035 2343 Iuno
1067 2304 1273 2342 custodem
1303 2302 1467 2351 addidit,

408 2374 453 2412 Is
484 2386 703 2425 numquam
735 2378 882 2414 servet.
924 2377 1136 2425 praeterea
1165 2372 1372 2412 tibicinam

410 2442 525 2485 Quae
553 2443 606 2481 mi
638 2443 887 2483 interbibere
919 2444 1016 2492 sola,
1048 2443 1081 2482 si
1113 2442 1209 2482 vino
1240 2446 1368 2482 scatat
1384 2441 1421 2492 ²)

408 2512 734 2551 Corinthiensem
765 2513 917 2553 fontem
950 2513 1137 2552 Pirenam
1170 2516 1313 2562 potest.

329 2620 360 2657 1)
385 2621 533 2648 ceterum
567 2616 609 2647 cf.
637 2616 837 2655 Kiesslingii
863 2616 1024 2656 disputat.
1061 2614 1102 2646 de
1128 2615 1190 2645 hae
1221 2625 1257 2646 re
1294 2615 1329 2646 in
1355 2624 1442 2646 mus.
1469 2594 1562 2645 rheni.
1602 2615 1700 2646 1868.

232 2676 362 2706 XXIII.
390 2685 445 2715 pg.
476 2676 552 2706 214.
582 2676 660 2706 215.

326 2731 360 2776 2)
387 2733 436 2764 sic
469 2733 779 2773 interpungendum
815 2742 888 2763 esse
914 2741 1055 2778 censeo,
1095 2741 1162 2763 non
1196 2731 1402 2763 assentiente
1438 2729 1605 2771 Goetzio,
1643 2730 1701 2770 qui

232 2792 353 2824 scribit
364 2801 373 2822 ε
