1880 3245
786 185 1077 230 „57-

198 306 462 347 gynaecea
490 292 683 345 (Mostell.
707 291 804 332 755.
827 292 923 332 756.
947 291 1043 332 759.
1067 291 1184 342 908),
1215 292 1409 331 habemus
1439 290 1664 331 balneas

203 362 398 417 (Mostell.
437 363 564 415 756.),
607 362 865 413 porticu-m
903 362 1094 414 (Mostell.
1140 362 1236 401 756.
1280 361 1408 414 908.),
1460 362 1665 401 hortum

198 437 295 486 post
334 433 495 472 domum
537 433 658 472 situm
708 431 900 484 (Mosteu.
945 435 1069 471 1045.
1119 419 1244 472 Stich.
1288 435 1385 471 452.
1429 432 1526 471 437.
1569 434 1665 470 614.

198 503 313 544 Asin.
348 501 442 542 741.
474 502 562 542 Mil.
594 501 697 553 glor.
729 505 826 542 340.
861 502 958 542 378.
992 503 1113 542 Mero.
1147 506 1243 541 998.
1278 502 1411 543 Oasin.
1436 506 1532 543 503.
1564 502 1664 541 Tru-

202 573 281 614 cul.
305 576 402 612 222.
435 572 554 624 Epid.
577 575 674 612 649.
706 572 817 612 Pers.
850 572 962 625 444).
1025 572 1182 612 Deinde
1212 572 1316 622 vide,
1349 585 1511 626 quaeso,
1544 573 1662 612 aedes

199 642 381 683 obsera‘ri
438 642 589 682 clave
628 642 884 682 Laconica
925 642 1118 695 (Mostell.
1165 642 1281 694 404.)
1323 648 1445 695 atque
1489 642 1664 694 parietes

198 715 363 751 ornatas
393 724 481 751 esse
510 711 705 751 tabulis
742 711 909 762 pictis
951 712 1143 765 (Mostell.
1177 715 1273 751 832.
1321 712 1529 751 Menaech.
1566 711 1660 750 147.

196 783 320 821 Mero.
361 784 456 820 311.
491 781 610 832 Epid.
643 780 770 832 616.),
812 782 1070 833 quamobrem
1102 781 1253 831 Helbig
1282 781 1663 832 (Untersuchungen

198 852 299 891 iiber
330 851 394 890 die
426 864 560 902 pomp.
586 850 883 890 Wandmalerei
915 863 981 900 pg.
1006 849 1108 902 320)
1139 854 1180 889 et
1204 850 1352 889 Nissen
1382 850 1503 899 (stud.
1524 863 1661 900 pomp.

194 935 261 973 pg.
304 921 419 973 650.)
489 923 748 969 erraverunt,
792 919 862 974 qui
912 933 966 960 ex
1009 919 1073 959 his
1112 919 1212 960 locis
1253 919 1453 960 Plautinis
1491 919 1661 969 college-

193 995 310 1041 runt,
352 991 529 1043 picturas
573 990 772 1042 parietum
814 990 894 1029 iam
925 990 1059 1031 Plauti
1101 993 1231 1030 aetate
1263 991 1417 1032 Romae
1447 992 1660 1040 usurpatas

196 1075 295 1111 esse,
329 1075 418 1101 cum
449 1060 585 1112 potius
616 1061 829 1100 Menandri
859 1060 1019 1101 saeculo
1043 1060 1216 1101 Athenis
1236 1061 1341 1100 hanc
1361 1059 1549 1099 luxuriae
1570 1072 1662 1110 spe-

196 1132 296 1172 ciem
331 1131 480 1171 cultam
511 1142 598 1170 esse
628 1129 829 1170 Plautinis
859 1130 1104 1171 testimoniis
1135 1130 1405 1170 confirmetur.

312 1203 447 1254 Atque
464 1200 585 1240 etiam
607 1199 642 1239 si
662 1200 785 1249 locos,
809 1200 882 1240 ubi
902 1200 1214 1252 impluvium
1239 1200 1479 1240 describitur
1496 1199 1661 1250 (Amph.

200 1273 319 1310 1108.
352 1270 439 1310 Mil.
472 1270 571 1320 glor.
610 1273 704 1310 159.
742 1269 833 1309 175.
867 1270 966 1310 287.
1000 1270 1114 1322 553),
1159 1273 1341 1311 accurate
1372 1270 1661 1320 interpretatus

195 1341 285 1390 eris,
317 1340 483 1379 dubium
514 1353 596 1379 non
618 1340 706 1389 erit,
739 1340 837 1393 quin
869 1341 1063 1380 concedas
1092 1340 1163 1379 illo
1194 1340 1295 1389 loco,
1313 1340 1396 1379 'ubi
1419 1339 1658 1390 impluvium

194 1410 447 1459 nominatur,
494 1409 687 1450 Graecum
719 1410 1047 1462 peristylion
1079 1410 1272 1459 describi,
1312 1414 1437 1463 atque
1468 1409 1658 1448 Plautum

193 1480 389 1521 vocabulo
419 1479 605 1531 impluvii
637 1479 885 1530 significasse
926 1492 1015 1519 eam
1045 1480 1203 1519 aedium
1235 1483 1412 1531 partem,
1459 1491 1562 1533 quae
1594 1483 1658 1517 est

195 1550 237 1589 in
255 1550 408 1589 Graeca
440 1550 561 1589 domu
591 1550 665 1588 sub
697 1549 820 1589 caelo.
883 1552 945 1588 An
967 1563 1011 1589 re
1032 1563 1129 1590 vera
1159 1550 1386 1603 quisquam,
1419 1549 1489 1602 qui
1519 1551 1582 1588 est
1611 1547 1656 1586 in

190 1622 309 1668 tecto,
341 1631 414 1670 per
434 1618 675 1670 impluvium
697 1618 837 1660 videre
868 1618 1012 1670 potuit,
1045 1619 1143 1673 quid
1164 1622 1352 1670 ageretur
1381 1618 1426 1657 in
1448 1616 1653 1659 conclavi-

194 1691 282 1739 bus,
314 1701 418 1742 quae
450 1692 545 1728 sunt
575 1689 725 1728 circum
755 1688 932 1728 atrium?
994 1688 1199 1731 Quantum
1220 1702 1294 1739 ego
1317 1689 1455 1730 videre
1476 1701 1654 1739 possum,

194 1761 271 1799 hoo
302 1758 495 1810 perfacile
538 1761 600 1798 est
640 1758 676 1797 ei
716 1758 786 1812 qui
818 1762 880 1799 est
915 1758 961 1798 in
991 1759 1190 1812 peristylii
1222 1745 1342 1808 tecto,
1374 1757 1655 1798 difficillimum

194 1830 231 1868 ei
263 1830 333 1882 qui
365 1833 427 1868 est
457 1829 501 1867 in
522 1833 630 1868 tecto
654 1829 759 1877 atrii,
792 1829 899 1881 quod
930 1829 1010 1867 iam
1037 1833 1123 1869 tota
1143 1829 1331 1880 impluvii
1352 1827 1653 1868 constructione

194 1898 436 1951 postulatur.
496 1898 575 1937 Sed
606 1898 655 1938 de
686 1898 761 1938 hac
792 1911 835 1938 re
867 1911 950 1938 non
980 1898 1154 1950 amplius
1185 1911 1323 1950 agam:
1355 1898 1389 1938 si
1420 1898 1481 1937 dis
1511 1897 1656 1948 placet,

194 1969 273 2009 alio
304 1969 392 2009 loco
425 1969 518 2009 data
549 1981 672 2020 opera
701 1969 801 2009 haec
831 1969 967 2008 omnia
997 1969 1258 2021 expositurus
1289 1983 1398 2018 sum,
1443 1979 1546 2021 quae
1574 1966 1654 2005 iam

194 2039 344 2079 dudum
373 2039 563 2089 indagavi
593 2047 715 2093 atque
745 2040 949 2080 adnotavi.

315 2110 461 2149 Verum
493 2109 655 2149 silentio
686 2110 907 2161 praeterire
944 2124 1026 2150 non
1056 2125 1220 2162 possum
1251 2110 1352 2150 illud
1384 2111 1653 2160 fragmentum

193 2179 405 2219 Plautinae
446 2180 676 2219 comoediae
717 2180 910 2219 Boeotiae
949 2181 1055 2231 apud
1099 2180 1272 2219 Gellium
1315 2183 1539 2226 servatum,
1584 2177 1654 2216 ubi

192 2248 393 2299 parasitus
424 2262 515 2288 eum
547 2253 718 2298 accusat,
751 2250 819 2302 qui
852 2249 1005 2300 primus
1036 2250 1227 2290 solarium
1259 2249 1401 2289 statuit
1431 2249 1526 2301 (III.
1550 2251 1588 2296 3,
1613 2245 1654 2297 5)

337 2319 393 2359 Ut
421 2319 536 2358 illum
568 2320 608 2358 di
639 2321 820 2371 perdant,
852 2319 1007 2371 primus
1039 2322 1108 2374 qui
1139 2323 1261 2361 horas
1290 2320 1481 2372 repperit,

339 2388 501 2441 Quique
530 2390 631 2428 adeo
662 2389 815 2440 primus
847 2390 990 2429 statuit
1020 2391 1087 2430 hic
1116 2391 1320 2430 solarium.

446 2458 593 2512 Itaque
624 2459 723 2498 adeo
754 2459 835 2498 iam
866 2459 1073 2510 oppletum
1106 2460 1298 2512 oppidum
1330 2464 1391 2499 est
1421 2457 1586 2527 solagiis,

337 2529 470 2568 Maior
499 2541 593 2579 pars
623 2529 765 2580 populi
795 2529 897 2568 aridi
926 2534 1092 2580 reptant
1116 2532 1233 2569 fame.

190 2629 346 2671 Denique
370 2632 577 2673 phylacistas
610 2632 660 2663 illi
697 2642 813 2665 omnes
838 2636 934 2672 sunt,
971 2634 1028 2674 qui
1052 2637 1169 2675 petant
1193 2635 1368 2673 argentum
1404 2632 1425 2662 i.
1453 2641 1481 2662 e.
1506 2631 1652 2663 fullones

189 2687 312 2726 aliique
325 2711 334 2727 ‚
373 2699 481 2729 neque
506 2698 590 2721 vero
614 2691 780 2721 nominari
804 2694 945 2730 possunt
967 2695 1102 2731 praeter
1125 2695 1290 2728 textores,
1316 2691 1458 2720 fullones
1473 2711 1481 2727 ‚
1506 2689 1652 2720 linanos.

189 2743 281 2785 Ergo
306 2745 361 2778 hic
385 2748 478 2780 locus
503 2748 588 2779 nihil
612 2747 654 2779 ad
677 2757 762 2780 rem.
