1880 3245
805 171 1098 215 —22—

213 277 539 317 Andromacham
570 280 738 329 propter
769 277 1077 318 similitudinem
1107 291 1272 319 versus:

390 346 424 385 Ο
456 346 590 395 Troia,
622 361 645 386 o
677 348 932 397 Pergamum,
965 360 988 387 0
1019 347 1165 398 patria,
1197 346 1355 399 periisti
1387 360 1515 387 senex

213 429 303 455 cum
333 415 405 455 illo
437 417 649 456 Enniano:

524 499 548 524 ο
579 488 706 536 pater,
747 499 770 524 o
801 485 945 537 patria,
984 498 1008 524 o
1039 485 1191 525 Priami
1222 486 1364 524 domus

213 553 335 604 (Enn.
367 554 446 605 frg.
481 558 547 594 81.
580 568 641 608 sq.
669 554 810 607 Ribb.)
870 555 948 594 Sed
979 554 1154 606 primum
1186 555 1350 608 quidem
1380 555 1503 595 Ennii
1533 556 1691 596 fabulas

214 624 366 674 primas
386 645 444 652 —
465 637 558 663 nam
589 627 757 675 propter
786 627 1014 675 temporum
1033 624 1214 664 rationes
1236 625 1295 664 'de
1323 624 1465 675 primis
1494 625 1582 665 eius
1611 628 1692 665 tra-

215 693 372 743 goediis
403 693 533 733 solum
555 694 734 745 cogitare
764 693 861 734 licet
891 717 947 723 —-
979 697 1088 734 certe
1107 708 1192 734 non
1222 695 1266 733 in
1296 694 1518 745 legentium
1549 708 1690 734 manus

213 762 396 812 venisse,
440 764 510 802 sed
541 776 566 802 a
594 763 808 814 proscenio
840 764 1120 804 tantummodo
1161 764 1319 803 auditas
1360 777 1448 803 esse
1477 764 1689 815 probabile

215 836 297 879 est3
351 834 478 873 verba
517 833 664 873 deinde
704 833 892 873 Enniana
934 833 1078 873 Troiae
1128 833 1338 873 interitum
1382 833 1546 884 lugent,
1598 846 1688 873 cum

217 902 421 950 Plautina,
457 906 674 955 antequam
706 904 803 942 urbs
835 906 951 953 capta
982 906 1055 950 est,
1086 903 1291 942 fortunam
1321 902 1400 941 Ilio
1431 903 1688 953 ingruentem

214 970 512 1021 vaticinantur,
555 974 805 1025 quapropter
835 972 969 1023 aptius
1001 971 1101 1011 mihi
1132 971 1271 1012 ludere
1301 971 1492 1013 videntur
1521 973 1689 1013 Cassan-

214 1041 326 1080 dram
355 1045 491 1082 vatem
522 1054 643 1095 quam
674 1042 998 1082 Andromacham
1029 1045 1288 1082 maerentem.

336 1113 473 1166 Atque
505 1112 811 1152 Brachmannus
843 1112 891 1152 de
922 1112 1079 1153 Naevio
1110 1112 1227 1166 Equo
1260 1111 1434 1152 Troiano
1478 1112 1687 1163 cogitavit,

218 1182 288 1220 sed
309 1194 385 1231 ego
416 1182 613 1223 libentius
643 1181 687 1221 in
708 1182 946 1232 Kiesslingii
977 1185 1108 1222 castra
1130 1185 1304 1231 transeo,
1336 1182 1406 1235 qui
1437 1183 1537 1222 haec
1557 1183 1693 1222 omnia

217 1250 447 1290 Menandro
480 1251 644 1300 tribuit,
686 1264 808 1304 quem
840 1251 1035 1291 Graecum
1078 1252 1279 1305 quandam
1321 1251 1569 1302 tragoediam
1599 1251 1692 1292 teti·

218 1320 325 1370 gisse
347 1320 501 1369 statuit,
525 1321 639 1360 cuius
659 1324 942 1371 argumentum
960 1321 1123 1361 accedat
1143 1322 1193 1359 ad
1213 1319 1333 1359 Ἰλίου
1354 1317 1532 1370 πέρσεως
1552 1321 1693 1360 simili·

217 1389 413 1428 tudinem.
460 1389 686 1428 Nicobulus
707 1402 834 1428 senex
855 1389 1006 1428 Priami
1029 1392 1166 1439 partes
1192 1389 1278 1438 agit
1299 1388 1370 1441 (97
1376 1393 1413 1438 3,
1446 1390 1544 1438 976,
1576 1389 1629 1428 97
1636 1389 1691 1441 8),

217 1458 391 1498 tabellae
435 1458 694 1509 obsignatae,
737 1471 839 1512 quas
877 1458 1097 1511 Chrysalus
1142 1471 1277 1501 secum
1316 1458 1417 1507 fert,
1464 1463 1560 1499 sunt
1597 1460 1692 1514 equi

215 1528 342 1578 lignei
384 1528 633 1569 Achivorum
678 1529 808 1570 instar
852 1528 986 1581 (936),
1024 1528 1273 1569 Pistoclerus
1318 1528 1420 1568 alter
1464 1532 1528 1569 est
1566 1529 1693 1581 Epius

216 1597 349 1650 (937),
399 1598 675 1639 Mnesilochus
705 1598 869 1638 Sinonis
913 1611 1127 1650 personam
1172 1598 1369 1647 sustinet,
1409 1598 1479 1652 qui
1522 1612 1604 1638 non
1648 1599 1692 1639 in

215 1670 336 1708 busto
369 1669 541 1708 Achillis
571 1682 662 1708 cum
693 1669 801 1719 igni,
846 1669 916 1708 sed
945 1669 989 1707 in
1020 1669 1126 1708 lecto
1157 1670 1326 1708 accubat
1356 1681 1446 1707 cum
1476 1669 1687 1717 Bacchide,

217 1750 320 1791 quae
350 1738 484 1788 ipsum
515 1737 663 1786 exurit,
696 1737 873 1791 denique
904 1737 1124 1790 Chrysalus
1155 1739 1217 1777 est
1247 1736 1412 1786 Ulixes,
1445 1736 1559 1777 cuius
1589 1751 1687 1777 con-

218 1807 309 1848 silio
349 1809 451 1847 haec
497 1808 633 1847 omnia
676 1813 884 1858 geruntur.
947 1806 1065 1849 Quod
1107 1807 1256 1847 attinet
1295 1808 1344 1846 ad
1386 1807 1466 1846 tria
1507 1807 1592 1847 fata
1621 1808 1693 1846 illa

218 1877 395 1917 Troiana
433 1878 485 1917 cf.
530 1877 771 1928 Kiesslingii
813 1891 879 1928 pg.
917 1880 981 1925 16,
1021 1876 1292 1916 Braehmanni
1337 1889 1404 1928 pg.
1453 1879 1691 1926 180—183,

220 1961 396 2001 quocum
428 1961 510 1986 non
544 1947 756 1987 consentio
787 1947 831 1985 in
863 1960 911 1985 ea
940 1960 1005 1994 re,
1050 1947 1158 1999 quod
1191 1949 1330 1986 censet
1360 1946 1600 1997 Kiesslingii
1630 1958 1691 1986 re-

219 2016 410 2057 censione
441 2019 609 2067 accepta
639 2017 790 2056 frustra
820 2016 1048 2066 exspectari
1082 2015 1248 2056 tertium
1278 2015 1421 2058 fatum.
1484 2014 1692 2059 Quantum

219 2100 294 2137 ego
326 2087 492 2140 quidem
523 2086 662 2127 videre
703 2100 889 2137 possum,
932 2086 1109 2136 perbene
1152 2085 1269 2125 licuit
1310 2089 1455 2136 poetae
1488 2084 1693 2135 postulare

218 2170 242 2194 a
272 2156 537 2207 spectoribus,
585 2159 632 2196 ut
661 2156 884 2208 posteriore
915 2155 987 2195 illo
1022 2155 1111 2194 loco
1142 2155 1183 2193 id
1214 2155 1524 2194 recordarentur
1554 2167 1691 2193 narra-

219 2226 332 2267 tione
362 2225 606 2278 praemissa,
639 2239 743 2280 quae
776 2225 962 2267 versibus
994 2228 1047 2263 93
1056 2227 1225 2263 5—944
1258 2223 1535 2274 contineatur;
1575 2238 1692 2276 prae-

219 2302 332 2336 terea
374 2299 508 2335 autem
549 2299 710 2347 poetam
753 2296 833 2334 iam
875 2296 953 2335 hoc
992 2294 1082 2334 loco
1124 2294 1289 2334 tertium
1334 2294 1462 2334 fatum
1506 2306 1694 2334 enarrare

220 2380 303 2406 non
333 2366 397 2406 fas
428 2369 509 2414 est,
542 2379 633 2405 cum
662 2365 843 2414 tabulas,
877 2365 1027 2418 quibus
1056 2364 1157 2403 illud
1188 2364 1315 2404 fatum
1346 2368 1521 2413 tenetur,
1553 2377 1695 2404 servus

220 2437 400 2475 nondum
443 2434 669 2475 tradiderit.
730 2438 867 2486 Atque
911 2434 1085 2473 Plautus
1123 2438 1171 2472 ut
1208 2436 1271 2473 est
1306 2433 1438 2472 bonus
1474 2436 1596 2483 poeta
1629 2433 1697 2472 vel

219 2505 457 2554 translator,
502 2509 549 2545 ut
590 2504 650 2545 ita
692 2503 843 2553 dicam,
884 2503 984 2543 illud
1028 2503 1157 2544 fatum
1195 2502 1477 2554 pronuntiavit
1516 2516 1555 2543 v.
1590 2506 1693 2542 986:

1025 2573 1203 2623 Pellege.

366 2645 486 2685 Nunc
516 2657 707 2698 superum
737 2644 862 2684 limen
893 2644 1101 2693 scinditur,
1134 2657 1243 2684 nunc
1272 2656 1401 2696 prope
1432 2643 1547 2683 adest

1124 2713 1294 2754 exitium
1323 2712 1414 2753 Ilio.
