1880 3245
846 156 1137 213 ...oe-2

247 274 376 315 menti
407 287 496 315 esse
529 274 575 315 in
604 274 781 315 Hecales
811 273 1020 316 mentione
1050 275 1337 324 concedamus,
1376 273 1586 327 aptissime
1610 273 1728 315 ‘vide-

247 348 315 384 tur
354 345 432 383 hoc
473 344 564 384 loco
605 345 835 393 nominata,
889 345 959 384 ubi
1002 349 1074 385 aut
1114 345 1233 385 valde
1270 343 1391 383 fallor
1432 347 1504 384 aut
1546 353 1726 395 pronun-

247 413 398 454 tiatur:
429 412 462 454 si
495 409 659 468 quidem
688 413 747 455 ita
776 413 869 464 eris,
899 417 947 455 ut
975 416 1018 455 te
1048 413 1164 464 volo,
1196 424 1417 465 numquam
1445 412 1528 453 eris
1557 423 1723 466 pauper,

248 484 297 522 ad
329 484 438 537 quod
471 484 728 524 enuntiatum
759 483 915 523 accedit
943 484 1017 523 illa
1045 483 1272 524 sententia:
1317 485 1441 535 atque
1471 491 1632 533 semper
1659 493 1723 521 re-

248 551 403 592 tinebis
426 552 533 593 hanc
553 553 698 594 aetatis
718 553 874 602 florem,
906 566 988 607 qua
1016 566 1070 593 ex
1099 566 1144 593 re
1175 553 1297 593 etiam
1318 551 1515 605 sequitur,
1545 551 1723 603 priorem

227 634 408 662 -versum
450 624 500 662 ad
546 627 721 663 aetatem
766 627 950 678 spectare
980 637 1063 663 non
1102 636 1243 675 posse,
1285 636 1375 663 cum
1418 621 1562 662 aetatis
1613 634 1725 661 men-

254 692 314 731 tio
345 692 448 732 insit
474 692 518 731 in
539 693 698 733 duobus
728 693 965 734 enuntiatis.
1026 691 1134 744 Ergo
1155 692 1381 732 rectissima
1410 693 1474 731 est
1492 680 1559 729 Pii
1589 700 1727 730 emen-

251 761 378 811 datio,
407 775 652 816 quamquam
683 762 813 802 libere
834 763 1043 813 confiteor,
1074 775 1139 802 me
1169 765 1300 802 totum
1318 773 1480 801 versum
1511 761 1726 800 emendare

250 845 336 871 non
357 845 491 883 posse.
537 832 672 875 Quare
692 831 880 872 absoluta
901 832 1030 873 oritur
1051 831 1248 885 quaestio,
1269 822 1379 870 unde
1397 829 1559 870 venerit
1578 829 1724 870 Plauto

245 902 346 940 haec
368 902 536 941 mentio.
581 902 726 955 Neque
745 901 919 941 Romani
940 901 1018 953 ipsi
1036 901 1217 941 Heealen
1239 905 1439 941 noverant
1457 899 1535 939 nisi
1558 905 1612 939 ex
1627 897 1726 938 Pro·

246 971 368 1020 pertii
391 974 432 1010 et
461 970 599 1010 Ovidii
621 970 877 1019 carminibus,
901 970 972 1023 qui
998 971 1104 1010 hanc
1125 969 1295 1020 figuram
1318 972 1577 1020 sumpserunt
1597 981 1621 1007 a
1637 966 1726 1007 cal*-

245 1039 440 1089 limacho,
472 1039 587 1079 cuius
618 1039 776 1092 epyllio
808 1039 918 1079 illam
949 1053 1071 1080 anum
1101 1038 1338 1080 inclaruisse
1367 1048 1518 1090 negare
1549 1049 1630 1077 non
1661 1037 1725 1077 fas

251 1113 323 1149 est.
386 1109 465 1148 Sed
486 1122 734 1162 quocunque
755 1110 876 1149 modo
907 1122 973 1150 res
1003 1122 1046 1150 se
1067 1110 1204 1158 habet,
1236 1100 1314 1148 hoo
1343 1108 1588 1149 contendere
1617 1107 1724 1156 licet,

254 1178 435 1219 Hecalae
466 1192 617 1219 nomen
660 1179 742 1219 iam
772 1180 880 1231 apud
911 1179 1202 1220 Philochorum
1231 1178 1432 1228 inveniri,
1479 1179 1588 1231 quod
1628 1189 1723 1217 oon-

250 1249 455 1301 quirimus
486 1261 540 1288 ex
570 1249 779 1289 Plutarchi
809 1249 977 1298 Theseo,
1009 1249 1078 1302 qui
1101 1249 1390 1288 Philochorum
1421 1260 1464 1287 se
1495 1247 1725 1286 exscribere

251 1318 480 1368 profitetur.
541 1319 640 1358 Cum
669 1322 804 1358 autem
824 1319 1096 1359 Philochorus
1125 1319 1252 1359 fuerit
1281 1318 1400 1359 initio
1431 1317 1543 1358 tertii
1574 1316 1724 1357 saeculi

249 1392 374 1440 atque
405 1388 515 1427 illam
547 1388 724 1427 fabulam
759 1401 842 1428 non
872 1388 1149 1439 indagaverit,
1190 1401 1273 1428 non
1311 1388 1495 1439 ineptum
1537 1398 1625 1426 esse
1663 1384 1724 1426 vi-

248 1458 367 1496 detur
408 1457 563 1507 dicere,
607 1460 649 1497 et
690 1460 834 1511 quarto
873 1457 954 1497 iam
995 1457 1156 1498 saeculo
1187 1457 1370 1498 Hecaleu
1410 1459 1546 1497 notam
1586 1455 1723 1505 fuisse,

249 1527 313 1567 cui
351 1528 412 1567 rei
443 1528 686 1568 documento
717 1532 781 1568 est
809 1528 904 1580 pagi
935 1530 1098 1569 nomen‘
1115 1527 1486 1569 etHecalesiorum
1518 1534 1720 1567 sacrorum

244 1598 410 1638 mentio.
473 1596 746 1641 Quamobrem
790 1600 832 1637 et
876 1598 985 1651 quod
1026 1598 1108 1638 fuit
1151 1610 1308 1649 pauper
1337 1609 1461 1646 anus,
1502 1599 1601 1648 puto
1633 1607 1720 1635 eam

245 1667 498 1707 notissimam
519 1667 646 1707 fuisse
674 1680 805 1708 novae
826 1668 1068 1717 comoediae,
1100 1681 1192 1708 cum
1222 1670 1364 1707 contra
1394 1667 1622 1718 negandum
1654 1666 1719 1715 sit,

247 1736 554 1776 Alexandrinos
585 1736 721 1776 Plauti
752 1737 1005 1788 temporibus
1035 1738 1144 1788 apud
1164 1724 1371 1776 Romanos
1397 1736 1622 1790 quidquam
1653 1750 1721 1776 va-

249 1806 386 1855 luisse,
419 1805 611 1859 quoniam
643 1805 801 1844 Ennius
842 1806 1013 1846 fortasse
1053 1806 1208 1858 primus
1238 1803 1527 1845 Alexandrinis
1558 1817 1721 1857 operam

247 1876 369 1915 dedit.
442 1876 550 1925 Ergo
595 1874 629 1914 si
672 1875 715 1913 id
761 1876 869 1926 quod
911 1876 1206 1926 disputavimus
1242 1876 1368 1915 habet
1406 1876 1581 1926 speciem
1620 1875 1720 1923 veri,

247 1944 423 1982 Hecales
453 1943 605 1983 mentio
643 1956 727 1983 non
757 1943 892 1983 aliena
932 1948 994 1984 est
1032 1957 1056 1983 a
1096 1944 1260 1984 Graecis
1297 1957 1428 1985 novae
1470 1944 1614 1984 aetatis
1654 1955 1721 1983 co-

250 2013 432 2053 moediis.

364 2153 414 2192 In
446 2151 779 2194 Curculionis
819 2152 981 2193 fabulae
1018 2167 1141 2194 versu
1172 2157 1257 2194 356
1290 2152 1476 2193 Curculio
1517 2154 1719 2205 parasitus

249 2222 441 2261 describit
471 2217 714 2272 συμπόσιον,
747 2224 855 2277 quod
888 2223 965 2262 sibi
996 2227 1213 2274 paraverat
1242 2222 1380 2262 miles:
1411 2222 1544 2262 cenati
1576 2226 1619 2263 et
1648 2223 1716 2262 ad-

248 2289 335 2342 poti
367 2290 471 2330 talos
501 2296 695 2342 poscunt,
737 2293 850 2345 prior
889 2293 987 2333 iacit
1015 2292 1133 2333 miles
1163 2292 1364 2333 vulturios
1395 2294 1599 2346 quattuor,
1629 2296 1716 2334 tum

248 2359 461 2399 Curculio:

305 2428 410 2468 talos
449 2428 600 2480 arripio
614 2458 624 2477 ,
665 2430 813 2470 invoco
851 2431 997 2471 almam
1038 2443 1167 2470 meam
1198 2431 1395 2472 nutricem
1426 2430 1656 2471 Herculem.

247 2512 328 2552 quo
360 2498 402 2537 in
434 2511 557 2539 versu
588 2499 787 2539 Hercules
827 2513 923 2541 sane
964 2504 1026 2541 est
1066 2503 1261 2552 patronus
1299 2500 1567 2552 parasitorum
1598 2501 1716 2541 bibu-

246 2569 377 2608 lorum
409 2572 451 2608 et
481 2568 727 2619 gulosorum,
759 2582 783 2608 a
814 2583 894 2623 quo
924 2570 1003 2622 ipsi
1036 2569 1150 2624 quasi
1183 2583 1207 2609 a
1237 2551 1393 2612 nutrice
1424 2571 1553 2612 multa
1582 2574 1624 2612 et
1654 2571 1715 2611 bi-

246 2640 342 2678 bere
374 2642 416 2679 et
444 2640 564 2679 edere
596 2640 836 2680 didicerunt.
898 2642 1034 2693 Atque
1063 2641 1169 2680 hanc
1208 2653 1293 2680 rem
1326 2641 1521 2681 Graecum
1559 2641 1714 2681 fontem

237 2709 439 2758 redolere,
471 2709 567 2748 inde
598 2710 764 2761 sumpsi,
796 2709 905 2763 quod
927 2709 1168 2749 describitur
1182 2707 1433 2762 ,συμπόσιονς
1464 2711 1609 2751 deinde
1639 2720 1716 2751 nos
