1880 3245
822 185 1115 230 -55-

237 290 527 329 commentario
548 292 739 331 adnotat:
769 292 847 330 hoc
877 294 996 331 extra
1013 291 1137 330 etiam
1167 291 1274 328 hanc
1292 292 1534 340 potestatem
1555 289 1704 328 Iunoni

242 357 458 407 tribuitur,
490 347 733 413 quamquam
762 359 874 398 illam
904 360 1129 399 Menander
1159 358 1331 397 Dianam
1362 358 1553 409 appellat.
1616 357 1708 400 Qua

234 417 283 467 're
297 427 403 467 ¹luce
434 428 579 469 clarius
609 429 667 477 fit,
699 428 932 468 Terentium
963 441 1037 479 pro
1070 428 1313 467 Graecorum
1344 427 1477 466 Diana
1506 429 1707 467 Iunonem

234 497 508 553 Romanorum
547 497 744 549 posuisse.
816 495 951 539 Quid?
1002 498 1110 551 quod
1155 497 1278 537 etiam
1309 496 1481 537 Plautus
1525 500 1705 536 exeunte

235 566 442 607 comoedia
473 566 685 606 Aulularia
724 565 925 616 virginem
963 566 1198 620 loquentem
1239 566 1361 607 facit:
1402 566 1509 606 Iuno
1549 566 1705 606 Lucina

234 638 345 675 tuam
366 634 509 675 fidem!
540 635 687 674 Nonne
707 638 793 675 tum
823 635 885 675 fas
907 642 980 685 est,
1003 636 1254 685 concludere,
1276 649 1366 676 cum
1388 636 1562 676 sciamus
1583 634 1704 674 Plau-

234 708 321 744 tum
353 704 528 754 Graecos
568 696 769 744 imitatum
801 717 889 745 esse
926 718 1147 759 eorumque
1178 706 1405 745 comoedias
1435 704 1702 753 transtulisse,

234 778 277 814 et
306 774 385 814 hoc
405 773 494 814 loco
516 774 643 814 verba
658 773 800 814 Graeci
830 770 976 826 poetae
992 776 1109 815 modo
1140 775 1199 815 ita
1219 779 1375 815 mutata
1395 788 1482 815 esse
1503 788 1527 814 a
1546 774 1705 823 Plauto,

233 846 280 883 ut
331 856 405 894 pro
451 843 694 883 Graecorum
735 844 867 884 Diana
907 845 1181 885 Romanorum
1233 845 1338 883 Iuno
1380 841 1703 895 supponeretur?

231 913 390 953 Deinde
427 913 471 952 in
503 914 733 953 comoediae
760 914 928 954 Oasinae
959 918 1073 955 actus
1102 915 1127 954 I
1167 927 1288 954 scena
1319 918 1343 953 3
1376 913 1531 954 Stalino
1563 925 1701 961 senex,

234 983 343 1036 quod
374 983 425 1022 ab
455 996 584 1023 uxore
614 987 756 1034 captus
787 988 859 1033 est,
891 989 1015 1036 optat,
1048 988 1093 1024 ut
1123 984 1365 1037 myropolas,
1395 997 1421 1023 a
1450 984 1599 1038 quibus
1629 996 1703 1021 un-

235 1056 430 1103 guentum
462 1053 619 1104 accepit
632 1084 642 1101 ‚
684 1053 815 1092 bonus
845 1053 1069 1093 Mercurius
1099 1054 1258 1104 perdat;
1301 1066 1423 1107 quam
1455 1052 1700 1092 sententiam

182 1130 188 1134 ⁴
233 1135 287 1161 ex
312 1121 466 1161 Graeco
496 1121 612 1161 fonte
641 1122 840 1171 haustam,
870 1125 1040 1173 apparet
1070 1135 1122 1161 ex
1154 1121 1305 1162 Graeco
1336 1121 1536 1162 vocabulo
1567 1133 1702 1172 myro-

235 1191 376 1242 polae;
407 1190 628 1243 itaque-illi
650 1191 884 1243 myropolae
915 1188 958 1230 ἕν
978 1187 1109 1245 ἀγορᾷ
1138 1192 1307 1231 fuerunt
1336 1195 1460 1244 atque
1491 1191 1590 1229 deus
1618 1189 1701 1238 ille,

234 1260 297 1299 cui
341 1273 486 1299 nomen
519 1260 617 1299 boni
647 1260 835 1300 Mercurii
868 1261 1040 1301 inditum
1071 1264 1152 1309 est,
1194 1260 1317 1301 debet
1346 1273 1434 1300 esse
1465 1264 1623 1309 custos,
1654 1264 1702 1298 ut

231 1330 290 1369 ita
321 1329 461 1378 dicam,
493 1329 586 1378 fori,
617 1329 688 1383 qui
719 1343 801 1369 non
833 1329 961 1369 solum
993 1334 1236 1370 mercatores
1266 1332 1442 1377 tueatur,
1472 1330 1543 1369 sed
1575 1328 1699 1368 etiam

232 1398 333 1437 alios
362 1398 558 1447 homines,
589 1412 642 1438 ne
671 1399 715 1438 in
744 1399 833 1439 foro
865 1412 889 1438 a
909 1399 1199 1439 mercatoribus
1230 1399 1500 1439 offendantur.
1560 1399 1700 1451 Atque

208 1467 480 1519 ,Stalinonem
510 1468 585 1509 hac
626 1469 668 1507 in
700 1480 822 1508 scena
851 1481 875 1507 a
904 1468 1115 1519 myropola
1144 1469 1332 1507 damnum
1361 1468 1575 1519 accepisse,
1607 1467 1698 1507 luce

232 1536 380 1577 clarius
411 1542 485 1586 est,
518 1550 639 1590 quam
673 1537 724 1576 ob
754 1550 840 1576 rem
869 1537 939 1576 ille
961 1536 1205 1576 Mercurium
1225 1537 1401 1578 invocat.
1461 1535 1575 1579 Quae
1606 1550 1697 1576 cum

229 1606 289 1647 ita
318 1607 411 1655 sint,
442 1607 519 1646 hoc
550 1620 712 1660 quoque
742 1606 831 1646 loco
863 1607 1031 1647 Plautus
1061 1619 1134 1658 pro
1166 1606 1319 1646 Graeco
1350 1606 1515 1645 numine
1545 1606 1693 1645 Roma-

232 1689 376 1715 norum
408 1676 526 1716 deum
556 1676 713 1728 posuit,
754 1690 847 1716 nam
879 1676 1014 1716 omnia
1044 1689 1309 1729 quaecunque
1339 1676 1389 1716 de
1420 1676 1494 1716 deo
1534 1676 1611 1716 hac
1650 1676 1693 1715 in

231 1758 352 1785 scena
381 1745 488 1786 dicta
517 1750 623 1794 sunt,
655 1747 705 1785 ad
735 1746 940 1785 neminem
968 1745 1112 1785 referri
1142 1749 1313 1797 possunt
1352 1745 1431 1785 nisi
1462 1747 1513 1785 ad
1540 1739 1694 1798 Ἑρμῆν

228 1807 436 1867 ἀγοραῖον.
497 1815 575 1854 Sed
605 1815 777 1855 fortasse
818 1815 970 1855 dixerit
1011 1815 1159 1868 aliquis
1199 1815 1321 1855 etiam
1350 1816 1555 1855 Romanos
1585 1816 1693 1855 Her-

227 1897 320 1923 men
351 1884 544 1931 coluisse;
584 1889 693 1925 recte
711 1885 764 1926 ‘id
796 1885 981 1939 quidem,
1016 1885 1086 1925 sed
1116 1886 1223 1936 apud
1254 1885 1460 1925 Romanos
1490 1889 1553 1924 est
1584 1885 1690 1924 Mer·

230 1954 367 1993 curius
396 1954 495 1993 deus
530 1957 795 1993 mercatorum
809 1984 820 2002 ,
851 1967 933 1993 non
964 1954 1090 1994 totius
1119 1954 1199 1994 fori
1230 1966 1364 2007 neque
1394 1954 1588 2005 templum
1619 1965 1690 1992 ne-

227 2035 307 2076 que
339 2035 495 2063 sacmm
524 2022 570 2062 in
598 2024 687 2063 foro
718 2024 862 2073 habet,
901 2024 972 2063 sed
1002 2024 1053 2062 ad
1083 2023 1242 2064 Circum
1273 2024 1493 2063 maximum
1525 2027 1567 2063 et
1595 2026 1690 2062 ante

156 2142 161 2147 ι
223 2096 380 2142 portam
413 2092 625 2143 Capenam.
658 2093 708 2132 cf.
740 2092 830 2132 Liv.
862 2092 919 2132 11.
953 2095 1038 2142 21„
1071 2093 1188 2133 ovid.
1218 2094 1311 2133 fast.
1347 2093 1395 2133 V.
1423 2093 1519 2132 673.
1579 2092 1688 2142 Ergo

225 2161 418 2202 Mercurii
450 2176 596 2202 nomen
628 2175 711 2202 non
742 2151 929 2215 quadrat
955 2162 999 2202 in
1026 2163 1135 2202 hanc
1164 2176 1249 2202 rem
1280 2166 1403 2216 atque
1441 2165 1527 2202 tota
1567 2173 1689 2201 scena

223 2232 399 2284 perspici
451 2245 532 2272 non
583 2235 719 2283 potest
758 2231 837 2272 nisi
878 2225 1006 2287 Ἑρμῇ
1058 2226 1237 2287 ἀγοραίῳ
1278 2231 1410 2283 posito
1450 2245 1525 2283 pro
1580 2232 1689 2271 bono

223 2302 438 2342 Mercurio.

340 2371 649 2411 Percensuimus
671 2384 810 2420 omnes
831 2384 896 2411 res
917 2384 1021 2424 quae
1052 2374 1237 2421 spectant
1265 2370 1315 2408 ad
1336 2369 1550 2410 historiam
1570 2371 1685 2410 fabu-

222 2440 347 2480 larem
377 2441 420 2479 in
451 2440 601 2480 fabulis
631 2440 853 2480 Plautinis:
884 2440 1060 2480 vidimus
1090 2440 1194 2479 nihil
1224 2452 1365 2491 sapere
1395 2439 1572 2480 colorem
1603 2440 1684 2479 Ro-

222 2498 383 2549 manum
414 2513 574 2561 praeter
603 2509 695 2550 illos
725 2509 855 2559 locos,
895 2509 965 2549 ubi
997 2509 1187 2549 Herculis
1217 2508 1395 2549 decimae
1435 2514 1571 2560 partes
1613 2522 1684 2548 no-

221 2578 428 2619 minantur
456 2579 598 2633 (Stich.
632 2582 728 2620 385.
760 2579 921 2619 Trucul.
955 2582 1050 2619 561.
1083 2579 1255 2619 Mostell.
1288 2578 1404 2632 984).
1434 2579 1502 2620 vel
1532 2578 1683 2618 mentio

220 2648 422 2688 Nerienae
463 2650 560 2689 deae
600 2649 808 2689 invenitur
846 2649 1025 2701 (Trucul.
1060 2648 1183 2700 515),
1228 2649 1277 2687 de
1322 2662 1403 2703 qua
1442 2650 1521 2688 iam
1562 2661 1684 2699 supra

221 2716 408 2758 diximus.
471 2721 606 2773 Atque
636 2718 772 2758 omnia
799 2720 1199 2770 paratragodumena,
1231 2723 1277 2760 ut
1306 2718 1366 2759 ita
1395 2719 1545 2766 dicam,
1578 2730 1683 2771 quae
