1880 3245
809 177 1101 220 —12-

219 287 355 339 Atque
388 284 576 334 Tithoni,
610 286 679 339 qui
711 298 796 324 non
826 286 963 337 Cycno
994 287 1219 336 prognatus
1249 287 1331 334 est,
1375 286 1445 326 sed
1475 284 1557 325 fuit
1585 284 1689 336 Lao-

216 355 418 394 medontis
462 354 589 403 filius,
634 355 682 393 fit
720 354 873 394 mentio
915 358 961 395 ut
998 354 1249 406 significetur
1287 367 1415 395 senex
1447 355 1688 407 decrepitus.

215 425 281 464 Sic
302 426 409 475 apud
432 425 607 464 Graecos
637 426 773 463 exstat
792 424 1053 475 proverbium
1078 424 1270 462 Τιθωνοῦ
1299 423 1437 476 γῆρας,
1467 426 1516 465 cf.
1538 425 1687 464 Zenob.

217 498 254 531 6.
294 496 356 541 18,
399 494 506 546 quod
548 493 764 532 dilucidius
805 493 852 532 fit
887 493 959 532 illo
992 494 1257 532 Mimnermeo
1299 494 1412 545 apud
1435 493 1547 534 Stob.
1578 494 1687 533 Flor.

218 566 313 610 116,
347 566 424 601 33:
470 562 643 615 Τιθωνῷ
683 558 756 611 μὲν
800 559 949 600 ἔδωκεν
991 558 1091 612 ἔχειν
1132 556 1262 600 κακόν
1292 556 1474 611 ἄφθιτον
1517 557 1542 601 ὁ
1586 562 1689 608 Ζεῦς

214 631 355 682 γῆρας,
388 626 412 669 ὃ
444 628 513 669 καὶ
545 626 733 669 θανᾶτου
765 628 896 682 ῤ’ίγιον
927 624 1134 681 ἀργαλέου.
1184 629 1286 670 Tum
1317 631 1423 682 apud
1448 630 1688 681 Aristopha-

215 712 306 738 nem
332 712 458 739 senex
483 700 647 753 quidam
676 703 931 750 comparatus
956 713 1046 740 cum
1069 699 1246 739 Tithono
1278 699 1322 739 in
1344 700 1518 740 Acharn.
1539 714 1577 741 v.
1603 704 1686 740 688

215 768 482 808 describitur:
770 771 775 778 '

327 832 460 889 ἄνδρα
499 833 689 878 Τιθωνόν
720 833 961 890 σπαράττων
991 836 1059 877 καὶ
1091 836 1297 891 ταράττων
1327 836 1393 877 καὶ
1426 840 1575 879 κυκῶν.

213 907 326 945 Talia
363 909 701 958 paratragoduma
743 921 824 946 non
868 908 1000 946 aliena
1034 908 1160 946 fuisse
1191 921 1215 946 a
1244 908 1453 947 comoedia
1480 908 1596 947 testis
1625 911 1689 947 est

216 977 510 1028 Aristophanes
539 978 582 1016 in
615 976 832 1016 Ecclesiaz.
863 990 902 1016 v.
937 978 1070 1016 1042:

495 1041 584 1092 ὤμ’
605 1044 643 1084 εἰ
672 1040 973 1095 καταστήσεσθε
1004 1046 1150 1084 τοῦτον
1179 1041 1250 1084 τὸν
1281 1040 1408 1097 νόμον

494 1110 570 1165 τὴν
600 1115 676 1167 γῆν
708 1109 871 1153 ἅπασαν
897 1109 1134 1154 Οἰδιπόδων
1165 1110 1392 1165 ἐμπλήσετε.

330 1186 417 1223 Iam
451 1185 722 1235 Kiesslingius
752 1184 778 1222 l.
810 1184 836 1222 l.
868 1185 1046 1235 perbene
1077 1185 1269 1224 disseruit
1297 1185 1398 1223 illud
1430 1185 1707 1224 enuntiatums

212 1255 261 1293 de
293 1255 419 1306 Cycni
461 1255 546 1296 filio
588 1269 668 1294 non
709 1254 915 1305 pertinere
956 1255 1277 1303 ad⁴Tithonum,
1319 1268 1459 1293 verum
1490 1255 1540 1292 ad
1569 1253 1683 1293 illum

212 1324 462 1374 decrepitum
490 1337 638 1372 senem,
671 1335 853 1363 socerum
879 1323 1133 1363 Menaechmi
1164 1323 1342 1372 alterius,
1375 1323 1444 1376 qui
1467 1336 1537 1362 cur
1558 1322 1683 1375 Cycni

212 1392 321 1432 filius
353 1393 602 1444 appelletur,
636 1407 687 1432 ex
718 1393 1030 1446 insequentibus
1059 1392 1178 1432 facile
1206 1396 1269 1432 est
1296 1392 1520 1432 intellectu.
1581 1393 1683 1431 Nam

210 1462 652 1513 Menaechmus·paulo
684 1465 778 1512 post
807 1475 928 1502 versu
961 1464 1043 1501 858
1077 1462 1197 1501 dicit:
1506 1455 1508 1457 ’

267 1532 410 1571 faciam
443 1533 551 1585 quod
581 1532 720 1580 iubes,
764 1532 936 1571 securim
978 1531 1133 1582 capiam
1173 1531 1392 1581 ancipitem
1423 1536 1545 1585 atque
1575 1532 1684 1571 hunc

1335 1613 1472 1640 senem

268 1683 357 1709 osse
388 1669 469 1709 fine
501 1670 698 1709 dedolabo
730 1669 937 1709 assulatim
970 1669 1008 1708 ei
1038 1670 1207 1710 viscera.

206 1744 330 1794 atque
361 1740 513 1779 securis
543 1739 733 1791 ancipitis
775 1739 844 1779 vel
873 1739 1064 1791 bipennis
1093 1739 1209 1790 signo
1241 1739 1509 1779 Tenediorum
1541 1741 1683 1781 civitas

207 1809 369 1860 publice
411 1809 454 1848 in
500 1809 675 1848 nummis
713 1810 925 1857 utebatur,
978 1821 1148 1860 eamque
1190 1809 1279 1860 ipse
1324 1810 1491 1859 gerebat
1535 1810 1682 1862 Apollo
1747 1809 1749 1811 ’

209 1878 477 1917 Tenediorum
522 1878 738 1928 πολιοῦχος
777 1881 881 1917 teste
930 1878 1109 1916 Aristide
1159 1878 1521 1929 paroemiographo
1575 1881 1682 1930 apud

209 1947 460 1997 Stephanum
502 1947 745 1999 Byzantium
787 1961 817 1986 s.
849 1961 887 1987 v.
938 1944 1127 1993 Τένεδος;
1169 1943 1237 1984 καὶ
1275 1957 1400 1997 φησιν
1436 1941 1683 1999 Ἀριστείδης

208 2013 278 2053 καὶ
309 2010 420 2054 ἄλλοι
451 2011 522 2053 τόν
553 2013 596 2054 ἐν
633 2012 787 2065 Τενέδῳ
817 2010 1048 2055 Ἀπόλλωνα
1084 2013 1255 2054 πέλεκυν
1294 2011 1361 2054 διὰ
1393 2011 1442 2055 τοὶ
1472 2013 1682 2068 συμβάντα

207 2086 292 2131 τοῖς
318 2082 411 2137 περὶ
440 2082 567 2136 Τένην
587 2086 638 2138 ¹).
682 2086 791 2136 Ergo
814 2086 950 2126 verbis
971 2085 1172 2125 Plautinis
1193 2084 1298 2124 nihil
1317 2086 1570 2137 exprimitur,
1603 2088 1680 2128 nisi

205 2154 318 2193 illum
361 2167 498 2193 senem
541 2155 792 2205 decrepitum
834 2156 1020 2206 componi
1061 2167 1180 2205 posse
1220 2169 1309 2194 cum
1341 2156 1491 2194 Tenedi
1523 2157 1679 2196 insulae

207 2225 428 2264 conditore.
489 2227 627 2278 Atque
657 2224 768 2264 illius
799 2224 951 2264 Tenuis
987 2224 1127 2264 fabula
1157 2224 1307 2264 Critiae
1338 2226 1545 2276 tragoedia
1575 2226 1678 2267 cele-

207 2294 323 2331 brata
362 2298 403 2331 et
442 2294 605 2333 comicis
646 2299 733 2333 erat
773 2294 1015 2345 proverbio,
1057 2306 1149 2331 nam
1180 2294 1381 2333 Zenobius
1414 2294 1471 2332 VI
1515 2299 1538 2333 9
1586 2308 1678 2346 pro-

203 2362 367 2401 verbioe
406 2359 589 2408 Τενέδιος
619 2357 862 2415 ἅνθρωποςε
903 2362 1106 2414 explicato
1138 2362 1273 2413 pergit
1302 2360 1498 2413 μέμνηται
1529 2359 1679 2415 ταύτης

299 2480 334 2517 1)
359 2478 466 2508 Plura
491 2478 535 2514 de
558 2478 623 2509 hac
647 2488 683 2509 re
707 2478 763 2509 vel
789 2478 830 2509 de
855 2478 973 2509 fabula
1003 2477 1130 2508 'Pennis
1155 2478 1211 2509 vel
1236 2478 1278 2509 de
1302 2478 1496 2518 proverbiis
1519 2479 1563 2510 ad
1588 2479 1676 2510 hanc

204 2536 356 2567 fabulam
374 2534 611 2575 spectantibus
628 2535 657 2566 si
676 2536 752 2574 quis
770 2539 923 2575 quaerat,
941 2535 1041 2566 adeat
1057 2535 1161 2566 velim
1177 2535 1277 2567 Paus.
1295 2536 1338 2567 X.
1360 2538 1414 2577 14,
1444 2539 1473 2575 1,
1499 2537 1675 2569 Plutarch.

203 2593 269 2632 Qu.
286 2593 406 2624 Graec.
434 2594 491 2632 28,
516 2593 692 2623 Heraclid.
710 2592 863 2623 Politiar.
890 2592 969 2623 libr.
998 2601 1049 2631 cp.
1069 2591 1145 2631 VII,
1172 2592 1289 2633 Steph.
1306 2595 1391 2634 Byz.
1410 2603 1437 2625 s.
1455 2604 1488 2624 v.
1515 2592 1676 2635 Τένεδος,

203 2651 375 2682 scholiast.
414 2651 457 2681 ad
480 2650 581 2681 Iliad.
607 2650 650 2690 A,
677 2650 732 2681 38.
782 2650 868 2680 Nam
904 2650 971 2680 hoc
1004 2649 1080 2680 loeo
1106 2650 1148 2681 de
1172 2650 1226 2682 his
1249 2651 1443 2691 proverbiis
1467 2652 1673 2684 sententiam

203 2709 356 2747 proferre
380 2709 482 2748 longe
507 2718 528 2740 a
551 2718 588 2740 re
614 2708 687 2740 fore
710 2708 824 2738 visum
848 2711 910 2739 est.
