1880 3245
820 215 878 221 -
935 191 994 235 48
1054 216 1112 222 .-

435 295 665 336 Volcannm
695 295 905 346 adducam,
936 297 971 336 is
1003 296 1195 337 Venerist
1224 297 1496 339 advorsarius.

341 366 455 405 Leno
498 365 587 406 volt
626 365 782 417 puellas
825 367 1064 405 comburere
1080 396 1090 414 ,
1131 367 1395 419 quamobrem
1437 368 1524 408 abit
1564 367 1702 417 ignem

225 434 497 488 quaesiturus.
560 434 677 479 Quod
700 439 835 474 autem
867 436 947 475 hoc
980 448 1101 476 versu
1130 436 1179 475 ad
1211 435 1450 476 inimicitias
1472 436 1642 479 Volcani
1662 434 1701 487 ¹)

225 509 266 545 et
292 506 465 546 Veneris
498 505 717 555 adluditur,
748 505 791 544 id
825 520 876 545 ex
905 505 1060 547 lasciva
1091 506 1259 546 Homeri
1290 506 1431 547 fabula
1461 507 1510 547 de
1541 507 1703 560 Aphro·

224 576 333 615 ditae
365 579 489 630 atque
519 575 616 616 Aris
647 588 786 616 amore
818 575 1030 628 repetitur.

342 646 403 685 De
435 658 556 686 versu
587 645 765 704 denique
801 648 907 685 1001
944 646 1038 687 vide
1070 659 1174 699 quae
1206 659 1327 698 supra
1357 646 1407 686 ad
1433 646 1697 698 Captivorum

222 728 262 756 v.
297 714 380 754 274
414 715 605 755 diximus.

341 854 392 893 In
424 853 545 894 initio
577 853 753 894 Stichi
784 853 981 905 legimus:

282 925 414 965 Credo
447 938 521 974 ego
555 924 744 964 miseram
775 924 902 964 fuisse
925 925 1143 977 Penelope,
1176 939 1303 974 soror,
1337 939 1408 965 suo
1442 938 1492 965 ex
1513 924 1663 974 animo,

283 995 397 1039 Quae
428 997 511 1034 tam
543 994 613 1034 diu
643 995 733 1036 viro
767 1008 839 1034 suo
871 994 995 1035 vidua
1026 994 1171 1035 caruit.

226 1066 358 1108 Quam
392 1064 623 1117 Penelopae
655 1065 905 1104 mentionem
948 1079 1000 1104 ex
1032 1065 1207 1118 Odyssia
1246 1067 1448 1116 sumptam
1492 1078 1580 1104 esse
1610 1064 1701 1104 luce

223 1135 372 1174 clarius
404 1137 477 1175 est.
538 1136 595 1174 Et
637 1135 824 1188 quamvis
872 1149 925 1175 ex
965 1134 1207 1186 fragmentis
1251 1134 1482 1174 comoediae
1521 1134 1701 1175 Graecae

222 1205 329 1244 nihil
372 1204 519 1244 afferre
551 1205 775 1256 possimus,
807 1206 914 1259 quod
947 1206 1218 1254 demonstret,
1262 1218 1341 1258 quo
1374 1217 1425 1244 ex
1454 1205 1569 1243 fonte
1599 1205 1701 1244 haec

222 1274 379 1314 mentio
402 1274 625 1325 effluxerit,
658 1279 794 1315 tamen
823 1276 935 1315 hune
955 1277 1108 1316 fontem
1133 1275 1331 1316 Graecum
1363 1288 1450 1315 esse
1481 1287 1598 1314 nemo
1630 1288 1701 1314 ne-

223 1345 349 1394 gabit,
386 1346 455 1399 qui
487 1346 726 1385 recordetur
756 1359 806 1385 ex
829 1345 1119 1398 Aristophane,
1152 1346 1351 1398 quomodo
1383 1348 1525 1397 poetae
1556 1344 1701 1385 comici

223 1415 368 1455 Graeci
392 1430 443 1456 ex
462 1416 636 1469 Odyssia
657 1416 828 1470 eiusque
849 1416 1000 1456 fabulis
1017 1416 1253 1464 hauserint;
1285 1416 1335 1455 cf.
1358 1415 1535 1468 exempli
1566 1414 1699 1466 gratia

221 1499 337 1537 vesp.
374 1489 466 1535 180,
499 1486 571 1525 ubi
605 1483 863 1526 Βδελυκλέων
893 1487 1009 1526 asino
1041 1487 1152 1526 lente
1183 1485 1464 1538 progredienti
1497 1485 1615 1525 dicit:

680 1555 717 1595 τί
748 1553 908 1607 στένεις,
941 1554 980 1597 εἰ
1008 1552 1064 1608 μὴ
1096 1553 1234 1609 φέρεις

912 1621 1110 1666 Ὀδυσσέα
1142 1626 1226 1666 τιν’.

320 1781 354 1819 1)
380 1778 526 1809 Volcani
564 1779 692 1810 mentio
731 1789 799 1810 non
833 1779 938 1811 semel
974 1778 1073 1810 nobis
1107 1778 1256 1810 occurrit
1289 1778 1325 1809 in
1358 1777 1527 1809 Plautinis
1561 1776 1697 1808 fabulis.

223 1838 338 1877 Atque
363 1837 399 1867 in
425 1835 584 1867 omnibus
610 1835 697 1867 locis
722 1836 795 1867 eius
820 1846 943 1868 nomen
977 1847 1037 1877 per
1058 1835 1297 1876 metonymiam
1333 1844 1394 1875 pro
1418 1834 1490 1874 igni
1516 1836 1699 1874 usurpatur

222 1894 320 1926 velut
345 1894 459 1925 Aulul.
489 1894 576 1925 359:

435 1950 544 1992 quid?
570 1952 752 1992 imputate,
779 1962 985 1993 quamquam
1001 1952 1154 1984 Volcano
1180 1951 1295 1983 studes
1321 1960 1403 1991 eqs.‚
1430 1950 1521 1991 quod
1548 1949 1698 1990 pertinet

223 2011 267 2041 ad
292 2019 440 2050 coquum
468 2008 709 2049 Congrionem‚
736 2011 974 2051 Amphitruon.
1003 2013 1089 2044 341:

364 2067 440 2106 Quo
465 2067 620 2099 ambulas
645 2071 693 2108 tu,
730 2068 789 2108 qui
816 2068 1004 2099 Volcanum
1026 2069 1062 2099 in
1087 2078 1193 2106 cornu
1218 2068 1416 2100 conclusum
1441 2066 1556 2107 geris?

221 2126 311 2156 Men.
337 2135 370 2156 v.
399 2125 488 2156 329:

481 2184 571 2214 Dum
597 2192 660 2223 ego
686 2184 772 2215 haec
797 2193 934 2224 appono
959 2184 1002 2215 ad
1028 2183 1173 2214 Volcani
1197 2182 1406 2225 violentiam.

222 2241 294 2271 Iam
331 2241 468 2271 Brixius
505 2241 686 2272 adnotavit
721 2241 809 2272 hanc
843 2242 1086 2282 metonymiam
1131 2240 1278 2271 transire
1312 2238 1450 2270 modum
1487 2237 1695 2278 comoediae,

222 2301 325 2336 atque
349 2301 520 2338 sumptum
537 2308 610 2330 esse
636 2309 677 2330 cx
695 2298 827 2330 Graeco
846 2299 1043 2339 exemplari,
1067 2297 1126 2328 ubi
1145 2297 1190 2329 ad
1215 2297 1346 2337 aliquid
1363 2296 1484 2336 tragici
1508 2295 1693 2335 alluditur;

224 2364 370 2395 quacum
397 2365 433 2386 re
459 2356 734 2397 coniungendum
760 2361 820 2395 est,
846 2357 938 2397 quod
963 2355 1109 2395 legimus
1134 2355 1169 2385 in
1185 2355 1318 2386 Terent.
1337 2353 1491 2385 Eunuch.
1516 2352 1576 2384 IV.
1605 2354 1637 2392 5,
1655 2353 1695 2383 6:

220 2415 295 2446 sine
331 2414 454 2446 Cerere
488 2418 521 2445 et
553 2414 679 2446 Libero
713 2415 816 2455 friget
847 2416 983 2455 Venus3
1019 2417 1121 2454 atque
1156 2413 1222 2445 hoc
1258 2422 1326 2444 non
1361 2412 1523 2444 abhorret
1554 2410 1597 2442 ab
1632 2410 1694 2441 illo

219 2472 429 2512 Euripideo:
456 2472 515 2512 (ef.
534 2472 657 2503 Athen.
678 2473 708 2503 6.
727 2482 783 2513 pg.
803 2474 871 2505 270
888 2483 917 2505 c.
934 2472 1093 2503 Dindorf.
1112 2471 1194 2515 887)
1220 2469 1254 2505 ἐν
1271 2469 1453 2514 πλησμονῇ
1479 2480 1529 2503 τοι
1545 2464 1692 2511 Κύπρις,

221 2526 256 2563 ἐν
291 2528 451 2563 πεινῶντι
485 2525 517 2564 δ’
550 2524 600 2562 οὗ.
673 2530 759 2562 Tum
784 2525 989 2574 ”Ηφαιστον
1023 2539 1097 2561 esse
1132 2529 1397 2571 mentonymiam
1430 2528 1520 2568 ignis
1555 2527 1622 2558 iam
1657 2526 1693 2556 in

221 2588 330 2619 Iliade
354 2588 561 2627 invenimus,
587 2588 629 2618 cf.
657 2585 701 2620 Φ.
730 2590 798 2620 330
824 2598 893 2628 eqs.
920 2592 954 2620 et
980 2585 1019 2620 B.
1045 2598 1077 2618 v.
1103 2588 1172 2620 4215
1196 2597 1287 2628 eqs.:

432 2642 493 2678 καὶ
515 2641 560 2678 τὰ
586 2642 647 2688 μὲν
672 2639 716 2685 ἂρ
742 2644 900 2689 σχίζῃσιν
924 2641 1123 2689 ἀφύλλοισιν
1149 2642 1340 2683 κατέκαιον,

433 2690 613 2748 σπλάγχνα
637 2699 669 2738 δ’
694 2697 738 2746 ἄῤ
762 2699 996 2746 ἀμπείραντες
1019 2697 1198 2748 ιῖπείρεχον
1219 2698 1439 2747 “Ηφαίστοιο.

220 2761 366 2801 denique
391 2762 433 2793 cf.
458 2762 635 2803 Aristoph.
659 2762 752 2794 Plut.
777 2763 866 2794 661:
891 2759 1034 2800 πέλανος
1056 2756 1254 2804 Ἡφαίστου
1277 2758 1391 2804 φλογί.
