1880 3245
826 173 1119 217 „18-

382 271 530 330 Σφίγγ’
562 271 716 330 ἅρῤεν’,
748 272 798 316 οὐ
830 272 1023 333 μάγειρον
1053 276 1112 325 εἰς
1141 275 1214 329 τήν
1245 276 1379 318 οἰκίαν
1417 276 1576 330 ἔιληφοι.

352 345 471 389 Quod
510 347 679 387 Plautus
725 347 974 387 mentionem
1015 349 1117 399 Argi
1170 348 1349 389 custodis
1389 349 1461 388 Ius
1504 349 1622 397 facit,
1666 348 1711 387 in

233 416 443 466 Aristoph.
476 416 692 455 Ecclesiaz.
727 419 894 454 80—81
930 417 1145 457 scribitur:

444 480 495 537 νή
525 480 598 525 τὸν
629 485 710 526 Δία
738 481 811 525 τὸν
841 480 987 538 σωτῆρ’
1018 481 1249 539 ἐπιτήδειός
1279 499 1321 539 γε
1351 481 1402 525 ἂν
1432 477 1484 537 ἦν

447 554 520 606 τὴν
549 556 625 595 τόυ
659 552 887 596 Πανόπτου
919 553 1127 609 διφθέραν
1154 553 1375 608 ἐνημμένος

445 623 558 677 εἴπερ
589 638 650 672 τις
679 620 797 671 ἄλλος
826 624 1040 676 βουκολεῖν
1069 620 1114 666 τό
1147 621 1309 677 δήμιον,

230 695 301 734 ubi
345 694 566 734 scholiasta
596 695 697 734 duce
737 695 955 746 respicitur
986 698 1120 746 Argus
1150 697 1221 736 Ius
1252 700 1398 735 custos.
1459 694 1578 737 Quod
1608 708 1707 736 vero

237 764 442 804 Prellerus
459 764 498 815 ¹)
545 764 656 814 dicit,
701 764 891 805 Plautum
922 765 1101 805 fabulam
1132 764 1412 817 amplificasse,
1456 777 1545 804 cum
1577 767 1708 804 totum

233 834 421 873 oculeum
463 835 648 875 nominet
686 835 892 874 custodem
934 836 1025 884 Ius,
1071 835 1114 873 in
1147 848 1195 874 ea
1223 847 1268 873 re
1298 838 1428 882 errat,
1458 846 1552 872 nam
1585 837 1707 874 ‘totus

232 900 408 943 oculeus’
452 904 587 944 reddit
617 904 813 944 Graecum
844 904 1086 944 vocabulum
1118 898 1350 955 πανόπτης,
1383 917 1463 957 quo
1495 903 1709 943 Plautinae

229 973 392 1012 fabulae
423 977 565 1013 auctor
586 986 754 1024 graecus
776 974 882 1013 sicut
902 974 1197 1025 Aristophanes
1227 986 1324 1012 usus
1356 977 1453 1013 erat.
1515 975 1707 1013 Ceterum

231 1044 281 1081 ad
313 1044 486 1083 eundem
516 1045 673 1094 Argum
704 1047 861 1095 spectat
891 1057 993 1083 anus
1023 1057 1084 1084 vs.
1117 1046 1171 1082 64
1217 1043 1274 1083 sic
1306 1043 1568 1094 compellata:

417 1126 521 1166 quae
552 1114 595 1152 in
628 1113 817 1164 occipitio
850 1125 1013 1166 quoque
1043 1114 1168 1153 habet
1198 1113 1336 1152 oculos
1364 1124 1563 1163 pessuma.
1598 1147 1600 1149 ,

232 1183 343 1235 quod
384 1182 559 1222 conferri
598 1184 720 1223 debet
759 1196 849 1223 cum
889 1182 961 1222 illo
1003 1183 1178 1223 Graeco:
1222 1177 1399 1222 ὄπισθεν
1428 1182 1605 1233 κεφαλῆς
1637 1176 1707 1232 ὅμ-

232 1246 323 1301 ματ’
353 1249 466 1302 ἔχειν.
1277 1288 1285 1296 .

352 1322 431 1361 Sed
464 1322 585 1361 etiam
606 1321 715 1360 aliud
746 1325 1043 1372 argumentum,
1076 1335 1156 1374 quo
1179 1321 1451 1371 confirmetur,
1483 1322 1588 1360 hanc
1617 1334 1702 1360 rem

234 1403 376 1441 sapere
419 1390 616 1430 Graecum
659 1391 857 1440 colorem,
908 1392 1033 1431 adest.
1104 1392 1378 1431 Mommsenus
1397 1391 1437 1442 ²)
1488 1391 1595 1430 enim
1635 1404 1707 1429 suo

231 1460 319 1499 iure
383 1460 695 1510 demonstravit,
741 1460 917 1499 Ennium
960 1461 1004 1499 in
1054 1461 1221 1511 prologo
1263 1460 1495 1511 tragoediae
1541 1461 1708 1500 Medeae

231 1530 397 1569 nomina
418 1530 594 1570 Graecae
615 1530 810 1570 historiae
831 1530 1025 1569 fabularis
1058 1530 1280 1581 exemplari
1313 1530 1374 1569 sui
1396 1530 1632 1582 explicasse,
1660 1533 1707 1569 ut

231 1603 368 1639 essent
405 1600 632 1651 perspicua.
696 1600 787 1643 Quo
818 1613 929 1639 more
969 1600 1090 1639 etiam
1120 1600 1291 1639 Plautus
1320 1613 1418 1639 usus
1459 1603 1542 1649 est,
1581 1603 1704 1652 atque

230 1669 325 1708 inde
357 1669 559 1723 sequitur,
591 1683 659 1709 eas
688 1681 754 1709 res
784 1669 978 1709 historiae
1008 1669 1203 1709 fabularis
1235 1669 1421 1719 Graecae,
1455 1670 1603 1722 quibus
1635 1682 1706 1708 ex-

227 1738 406 1789 plicandi
438 1752 558 1779 causa
594 1740 792 1779 nonnulla
834 1739 992 1778 adiecta
1032 1742 1148 1788 sunt,
1191 1752 1245 1778 ex
1286 1739 1438 1778 Graeco
1481 1738 1705 1789 exemplari

230 1821 337 1857 esse,
375 1822 466 1848 cum
498 1809 785 1857 additamenta,
825 1812 871 1847 ut
900 1808 959 1847 ita
989 1808 1129 1856 dicam,
1169 1809 1323 1847 habent
1352 1808 1540 1847 Plautum
1573 1812 1707 1847 aucto-

229 1889 327 1925 rem,
360 1878 468 1929 quod
500 1878 623 1916 etiam
654 1890 708 1915 ex
743 1877 833 1915 aliis
854 1877 965 1925 locis,
998 1888 1101 1928 quae
1131 1876 1239 1915 infra
1259 1876 1532 1925 tractabimus,
1565 1876 1709 1915 elucet.

232 1944 346 1987 Quae
389 1960 479 1985 cum
518 1946 577 1985 ita
624 1946 724 1994 sint,
770 1959 925 1986 summa
973 1946 1123 1985 iniuria
1165 1946 1389 1996 Wagnerus
1437 1946 1480 1985 in
1531 1947 1708 1986 editione

231 2015 468 2055 Aululariae
499 2029 591 2055 eum
621 2029 805 2056 versum:
839 2015 968 2058 Quem
1000 2017 1203 2070 quondam
1233 2016 1325 2056 Ioni
1356 2016 1462 2056 Iuno
1502 2018 1708 2057 custodem

231 2086 397 2135 addidit,
431 2086 594 2135 delevit,
627 2087 742 2140 quasi
776 2091 883 2126 esset
912 2091 1128 2138 excerptus
1159 2100 1212 2126 ex
1242 2087 1379 2126 Accio.

346 2156 538 2208 Denique
571 2156 698 2196 fontis
719 2156 1017 2196 Corinthiensis
1048 2156 1199 2195 nullam
1230 2156 1423 2205 indagare
1453 2155 1567 2206 p'otui
1598 2168 1709 2193 men-

230 2225 385 2264 tionem
417 2226 460 2264 in
493 2225 647 2265 Graeca
677 2227 896 2275 comoedia,
927 2228 998 2265 sed
1029 2226 1136 2277 apud
1167 2225 1331 2265 Pindar.
1354 2225 1516 2277 Olymp.
1557 2228 1617 2273 13,
1654 2228 1706 2263 86

236 2294 494 2333 nominatur:

448 2365 553 2402 τοῖσι
583 2360 655 2413 μὲν

237 2427 400 2484 ἐξεύχετ’
433 2430 476 2472 ἐν
507 2427 621 2472 dictet
652 2430 858 2486 Πειράνας
888 2432 1088 2487 σφετέρου
1121 2429 1276 2487 πατρός
1306 2429 1434 2487 ἀρχάν
1466 2431 1534 2473 καὶ
1554 2428 1706 2485 βαθύν.

237 2502 286 2541 cf.
320 2507 531 2554 praeterea
561 2503 703 2555 Eurip.
736 2505 902 2543 Medeae
931 2505 1014 2544 fab.
1045 2518 1084 2544 v.
1119 2507 1198 2542 69:

332 2669 367 2706 1)
392 2667 433 2698 cf.
461 2666 605 2699 Preller.
632 2666 777 2707 mythol.
804 2665 924 2698 Graec.
951 2670 1033 2698 tom.
1058 2666 1087 2698 1.
1111 2675 1166 2706 pg.
1193 2668 1272 2699 318.
1299 2667 1414 2698 adnot.
1440 2675 1494 2697 ex.

332 2723 367 2766 2)
394 2725 436 2757 cf.
463 2725 584 2757 histor,
608 2725 705 2757 Rom.
729 2725 766 2756 1⁸
795 2734 853 2765 pg.
882 2726 963 2757 912.
988 2725 1105 2756 adnot.
