1880 3245
831 160 1122 204 -23-

242 273 286 311 et
313 283 373 311 vs.
409 270 542 307 10532

388 337 458 377 ffit
485 340 601 378 vasta
630 336 762 386 Troia,
794 336 984 377 scindunt
1013 350 1200 388 proceres
1232 337 1483 387 Pergamum.

388 406 498 447 Scivi
530 420 604 457 ego
635 407 716 446 iam
747 407 897 446 dudum
926 407 1014 446 fore
1045 421 1109 447 me
1139 407 1311 447 exitium
1341 407 1561 457 Pergamo;

240 479 455 529 postquam
493 476 726 516 Nicobulus'
759 475 965 527 pollicitus
1005 479 1088 525 est,
1130 489 1172 516 se
1209 488 1351 514 aurum
1393 476 1577 515 daturum
1609 488 1710 515 esse.

242 545 410 586 Accedit
459 546 566 600 quod
612 559 672 586 vs.
715 548 944 585 935—944
996 546 1174 597 perbene
1225 545 1419 596 leguntur
1471 548 1564 596 post
1609 549 1707 593 934,

242 627 363 668 quem
407 615 590 654 ordinem
630 614 788 655 codices
817 615 1036 666 praebent,
1081 628 1171 655 cum
1210 614 1293 654 illis
1335 615 1450 668 quasi
1483 614 1710 654 declaretur

240 687 282 725 et
310 689 526 725 excusetur
566 684 645 725 ista
687 684 946 725 exclamatio:
990 685 1023 723 Ο
1055 685 1175 724 Troia
1205 698 1263 737 sq.
1325 685 1470 737 Neque
1501 684 1609 723 enim
1641 684 1708 723 de-

239 757 335 793 sunt
363 754 754 805 paratragodumena
783 753 1027 793 comicorum
1050 754 1292 793 Graecorum
1323 767 1376 793 ex
1396 753 1538 794 Iliadis
1558 754 1708 793 fabulis

239 826 412 875 sumpta,
444 824 495 864 cf.
527 823 697 875 Antiph
729 823 831 874 frag.
853 823 997 875 (Mein.
1027 823 1109 863 111.
1143 824 1215 873 25)

520 886 567 931 ‘O
597 889 669 942 μὲν
700 889 916 938 Μενέλεως
947 887 1161 942 ἐπολὲμκηθ
1196 889 1265 942 ἔτη
1296 889 1395 931 δέκα

517 963 602 1009 τοῖς
638 958 770 1015 Τρωσὶ
801 956 869 1001 διὰ
900 963 1072 1014 γυναῖκα
1101 955 1175 1012 τήν
1204 955 1306 1012 ὄψιν
1335 957 1474 1013 καλήν.

236 1031 383 1071 Nonne
414 1032 494 1071 tale
514 1031 668 1085 aliquid
698 1031 930 1073 invenimus
958 1032 1002 1070 in
1022 1046 1083 1072 vs.
1107 1035 1337 1070 925—928
1359 1032 1400 1071 h.
1421 1044 1586 1071 scenae:

439 1103 607 1142 Atridae
637 1103 716 1142 duo
748 1102 884 1143 cluent
911 1102 1055 1143 fecisse
1084 1102 1243 1143 facinus
1273 1101 1506 1151 maximum,

443 1171 577 1214 Quum
607 1171 759 1212 Priami
789 1172 962 1223 patriam
992 1173 1232 1222 Pergamum
1265 1185 1349 1225 eqs.

235 1240 316 1280 Sed
349 1255 458 1282 nunc
487 1242 537 1281 ad
568 1241 729 1292 singula
758 1241 879 1281 huius
908 1241 1068 1281 fabulae
1089 1242 1280 1282 accedere
1310 1241 1443 1282 liceat.
1503 1242 1554 1280 In
1583 1254 1704 1282 versu

241 1313 263 1348 5
296 1311 465 1351 Bacchis
495 1311 708 1351 Pistocleri
738 1311 1008 1351 adulescentis
1039 1325 1196 1351 errores
1226 1312 1453 1351 lamentans
1483 1311 1599 1351 dicit:

444 1380 608 1419 Ulixem
637 1379 773 1420 audivi
802 1380 928 1419 fuisse
958 1380 1365 1429 aerumnosissimum,

445 1448 525 1491 Quj
554 1449 703 1500 viginti
733 1449 851 1489 annis
882 1461 1020 1489 errans
1051 1463 1075 1489 a
1105 1449 1237 1501 patria
1266 1449 1371 1489 afuit
1400 1462 1483 1503 eqs.

233 1531 336 1571 quae
391 1522 575 1570 spectant
618 1521 669 1559 ad
706 1519 807 1558 illud
858 1519 1119 1559 Homericum
1171 1513 1467 1571 ’πολύτροποῃ
1498 1514 1545 1565 ὃς
1593 1514 1700 1570 μάλα

231 1582 357 1627 πόλλα
387 1583 589 1641 πλάγχθη,
630 1589 728 1629 satis
767 1592 909 1629 notum
950 1593 1233 1640 argumentum
1264 1589 1698 1638 comoediae‘Atticae‚

232 1658 431 1711 siquidem
475 1659 581 1709 apud
613 1659 786 1698 comicos
816 1658 990 1698 Graecos
1028 1659 1172 1698 titulus
1201 1653 1428 1704 Ὀδυσσέως
1457 1659 1609 1710 septies
1636 1658 1699 1697 in-

232 1727 407 1767 venitur.
477 1728 694 1768 Praeterea
741 1731 876 1768 autem
919 1728 1112 1767 memoria
1156 1727 1290 1767 Ulixis
1338 1728 1512 1768 errantis
1565 1731 1701 1769 exstat

231 1798 338 1848 apud
368 1797 681 1848 Aristophanem
720 1798 880 1849 saepius
919 1811 1039 1851 quam
1084 1798 1220 1838 semel.
1259 1798 1310 1838 cf.
1342 1798 1450 1838 Plut.
1483 1801 1581 1847 312,
1627 1798 1699 1852 qui

232 1869 417 1918 spectant
457 1868 506 1906 ad
538 1867 673 1906 dolum
703 1866 848 1917 Ulixis,
890 1880 972 1920 quo
1003 1868 1164 1918 decepit
1194 1867 1424 1920 Cyclopem,
1468 1871 1555 1908 tum
1585 1881 1696 1919 vesp.

239 1939 464 1976 181—186
496 1938 547 1976 ad
577 1938 747 1977 eandem
777 1949 862 1976 rem
891 1940 1134 1987 spectantes,
1166 1938 1341 1990 denique
1372 1951 1437 1978 av.
1476 1940 1597 1986 1561,
1629 1937 1698 1976 ubi

231 2006 518 2050 venitUlixes
548 2006 597 2044 ad
627 2006 791 2045 inferos.
1206 2021 1214 2029 ·

346 2075 479 2116 Versu
518 2078 594 2115 155
627 2075 785 2115 Ludum
816 2076 1093 2126 paedagogum
1131 2076 1278 2116 iratum
1310 2079 1433 2128 atque
1464 2076 1697 2116 adolescen-

231 2146 360 2186 tulum
381 2146 677 2197 prohibentem,
708 2145 923 2200 quominus
943 2146 993 2185 ad
1014 2144 1250 2185 Bacchidem
1273 2158 1316 2185 se
1336 2145 1533 2195 conferat,
1563 2145 1696 2186 Pisto-

230 2215 360 2256 clerus
390 2217 629 2267 aggrediens
659 2216 946 2256 comminatur:

348 2286 475 2335 Fiam,
506 2290 553 2326 ut
581 2299 656 2337 ego
688 2286 844 2338 opinor,
875 2286 1085 2335 Hercules,
1124 2289 1170 2326 tu
1199 2288 1333 2326 autem
1364 2298 1408 2325 es
1437 2285 1580 2325 Linus.

348 2357 499 2397 Notum
530 2361 603 2406 est,
634 2357 750 2396 illum
780 2357 928 2396 Linum
958 2356 1149 2396 Herculis
1179 2356 1413 2406 magistrum
1443 2369 1468 2394 a
1498 2354 1697 2406 discipulo

230 2427 491 2466 interfectum
511 2439 612 2475 esse,
643 2440 696 2465 ex
716 2426 986 2465 medon-111.
1018 2426 1085 2475 67,
1116 2425 1351 2476 Apollodor.
1374 2424 1434 2464 H.
1467 2428 1506 2473 4,
1539 2427 1577 2463 9.
1618 2423 1697 2463 Sed

231 2496 328 2550 quid
368 2495 506 2536 multis
550 2510 652 2548 opus
691 2500 754 2537 est
791 2496 949 2546 verbis,
991 2509 1083 2536 cum
1123 2510 1196 2536 nos
1236 2509 1319 2535 non
1348 2494 1499 2545 fugiat,
1541 2495 1622 2535 iam
1653 2495 1697 2534 in

229 2566 366 2607 Attica
386 2567 592 2607 comoedia
611 2567 830 2607 Herculem
850 2566 1044 2617 magistro
1065 2580 1181 2606 usum
1203 2578 1289 2605 esse
1311 2565 1432 2615 Lino,
1462 2566 1512 2605 cf.
1545 2578 1696 2620 quaeso

230 2636 417 2676 Alexidis
444 2636 605 2677 fabulae
636 2637 730 2676 Lini
759 2637 860 2688 frag.
891 2636 1032 2689 (Mein.
1065 2637 1141 2676 111.
1172 2649 1239 2687 pg.
1270 2637 1386 2687 443).
1433 2637 1541 2687 Ergo
1572 2635 1695 2676 etiam

227 2706 305 2745 hoc
342 2707 775 2757 paratragodumenum
804 2707 931 2757 spirat
975 2706 1166 2746 Graecam
1204 2705 1425 2756 parodiam.
