1880 3245
800 190 1094 235 -56-

204 297 562 348 pertractavimus,
594 297 625 336 si
674 297 837 336 omittas
883 298 1156 349 metonymiae
1189 311 1319 346 usum,
1352 297 1477 338 dividi
1509 300 1681 349 possunt

205 367 248 405 in
280 370 415 417 partes
447 366 568 415 duas,
617 379 787 419 quarum
826 366 954 406 altera
993 367 1225 407 continetur
1263 367 1385 406 rebus
1415 381 1469 406 ex
1498 367 1677 406 Homero

207 435 400 487 sumptis,
441 435 568 475 altera
598 435 856 486 amplectitur
885 450 950 475 res
981 450 1034 475 ex
1063 435 1284 487 tragoediis
1314 436 1382 476 vel
1412 436 1502 476 aliis
1532 435 1680 476 fabulis

207 505 411 545 deductas.
473 507 610 558 Atque
652 518 717 544 res
756 519 809 544 ex
849 506 1069 555 tragoediis
1110 511 1293 557 sumptae
1336 505 1402 544 vel
1437 505 1490 559 ¹in
1520 510 1680 556 tragoe-

207 575 284 615 diis
327 575 428 626 ipsis
469 574 536 615 vel
576 575 620 614 in
662 575 879 615 comoediis
924 575 1045 614 simili
1077 576 1195 615 modo
1242 579 1459 626 usurpatae
1491 579 1598 615 certe
1629 575 1679 614 ad

208 644 402 684 Graecum
435 646 590 685 fontem
621 646 648 685 i.
672 659 707 684 e.
738 646 787 684 ad
836 659 983 686 novam
1015 646 1262 685 comoediam
1292 646 1474 685 redeunt.
1536 645 1696 698 Neque-

209 714 337 765 magis
369 727 472 767 quae
505 727 556 753 ex
580 715 799 754 Homerica
830 715 940 765 poesi
972 716 1194 764 fluxerunt,
1225 715 1268 753 in
1291 715 1481 754 Plautina
1513 714 1677 754 officina

205 783 402 823 fabricata
443 797 530 824 esse
574 784 795 824 verisimile
836 789 919 832 est,
972 785 1068 838 quia
1108 789 1189 825 tam
1233 789 1416 825 accurate
1447 784 1679 835 percipiunt

207 853 351 893 Iliadis
390 854 569 903 fabulas,
612 857 660 894 ut
695 854 832 905 >magis
862 868 884 893 e
918 854 1059 894 Graeci
1090 858 1234 905 poetae
1264 854 1429 904 ingenio
1461 866 1681 905 emanasse,

208 923 277 974 qui
308 922 410 961 illud
453 923 651 963 Graecum
693 937 854 963 carmen
897 925 1000 963 bene
1051 927 1240 972 noverat,
1286 936 1405 977 quam
1447 936 1499 963 ex
1541 922 1678 963 Latini

207 997 351 1043 poetae
372 993 509 1033 indole
532 994 742 1033 effluxisse
764 994 999 1047 videantur„
1023 994 1094 1048 qui
1125 994 1294 1033 Iliadem
1316 998 1471 1034 tantum
1502 1007 1526 1032 a
1556 992 1677 1032 Grae-

217 1062 273 1101 cis
303 1062 488 1114 accipere
519 1064 665 1115 potuit.

329 1132 710 1173 Demonstravimus
755 1133 902 1183 igitur,
958 1133 999 1172 in
1053 1133 1222 1173 historia
1271 1132 1443 1172 fabulari
1493 1133 1681 1172 Plautum

213 1201 367 1241 Graeco
400 1202 533 1242 colore
564 1202 759 1253 pinxisse,
793 1202 993 1241 corollarii
1023 1203 1152 1242 instar
1173 1203 1312 1242 addam
1336 1202 1552 1241 nonnullas
1582 1202 1682 1241 alias

211 1284 288 1320 res,
321 1284 374 1309 ex
396 1272 543 1324 quibus
574 1271 790 1322 colligitur,
823 1275 1074 1325 quantopere
1105 1276 1214 1312 totus
1235 1271 1405 1312 Plautus
1426 1272 1601 1323 pendeat
1630 1285 1683 1310 ex

209 1340 502 1391 exemplarium
535 1341 776 1380 Graecorum
819 1341 917 1390 fide,
960 1346 1082 1395 atque
1113 1343 1330 1381 abhorreat
1373 1355 1396 1380 a
1439 1340 1585 1381 saeculi
1619 1341 1681 1380 sui

209 1414 251 1449 et
281 1410 393 1450 urbis
415 1411 567 1451 Romae
589 1411 768 1450 moribus
794 1415 916 1463 atque
938 1410 1148 1451 institutis.
1210 1412 1284 1451 Est
1304 1412 1411 1450 enim
1434 1414 1515 1450 tam
1539 1424 1677 1462 presso

214 1481 317 1532 pede
339 1484 514 1521 sectatus
545 1485 729 1520 auctores
759 1494 864 1529 suos,
896 1483 942 1520 ut
972 1481 1084 1519 nulla
1114 1481 1186 1521 fiat
1207 1481 1360 1520 mentio
1382 1481 1579 1531 pecuniae
1601 1480 1683 1519 Ro-

215 1563 356 1590 manae
393 1550 436 1589 in
469 1550 705 1598 comoediis,
749 1551 818 1589 sed
850 1550 1082 1603 ubicunque
1114 1550 1219 1590 fiunt
1248 1551 1373 1591 verba
1417 1550 1466 1588 de
1498 1549 1683 1597 nummis,

214 1633 374 1671 semper
403 1619 644 1670 respiciatur
672 1622 883 1670 argentum
917 1620 1171 1668 Graecorum,
1204 1620 1309 1659 sicut
1340 1619 1518 1659 ostendit
1551 1619 1687 1658 Christ

214 1690 256 1728 in
291 1690 408 1729 Iahni
441 1690 544 1729 anal.
578 1691 629 1730 97
672 1704 738 1741 pg.
773 1693 868 1730 345.
931 1690 1087 1729 Deinde
1119 1692 1227 1743 quod
1258 1690 1422 1729 minime
1453 1690 1683 1729 admiratio-

215 1773 307 1798 nem
341 1773 503 1799 movere
534 1763 690 1811 potest,
738 1759 930 1812 quoniam
971 1760 1161 1799 cohaeret
1200 1773 1291 1814 cum
1329 1762 1415 1799 toto
1456 1759 1684 1798 fabularum

214 1833 453 1880 argumento
485 1829 661 1878 Graeco,
703 1831 844 1869 domus
876 1843 996 1882 quam
1027 1829 1203 1869 vidimus
1243 1829 1285 1868 in
1319 1829 1557 1877 comoediis,
1603 1841 1685 1866 non

216 1900 371 1938 Romae
402 1902 610 1938 exstructa
641 1904 723 1947 est,
764 1899 832 1937 sed
866 1898 1040 1938 Athenis
1069 1898 1136 1938 vel
1167 1898 1209 1936 in
1240 1898 1320 1937 alia
1350 1899 1449 1937 urbe
1480 1897 1685 1937 Graeciae.

218 1972 284 2008 An
314 1973 359 2009 tu
391 1982 531 2008 censes
562 1982 656 2008 casu
686 1969 837 2008 factum
870 1981 968 2017 esse,
1000 1972 1047 2007 ut
1065 1968 1220 2008 etiamsi
1244 1968 1476 2007 nominatur
1496 1967 1684 2007 atriensis

218 2051 363 2078 servus
395 2038 555 2090 saepius
586 2051 706 2092 quam
739 2038 883 2087 semel,
931 2037 1042 2077 nulla
1083 2037 1316 2078 inveniatur
1344 2038 1496 2078 mentio
1537 2037 1683 2086 atrii,

216 2110 424 2149 Romanae
456 2109 598 2148 domus
628 2109 755 2160 partis
776 2107 1019 2160 primariae?
1041 2108 1078 2157 ¹)
1139 2108 1296 2148 Insunt
1314 2121 1412 2148 vero
1443 2107 1486 2147 in
1513 2108 1684 2147 aedibus

311 2225 345 2263 1)
370 2225 421 2255 Ne
446 2224 527 2264 quid
551 2224 705 2255 omisisse
729 2224 858 2261 videar,
883 2223 919 2253 in
942 2223 1057 2254 Aulul.
1082 2224 1169 2254 518:

690 2285 781 2313 stant
805 2281 1013 2321 phylacistae
1036 2281 1071 2310 in
1096 2280 1201 2318 atriis,

214 2338 377 2370 habemus
401 2341 605 2371 mentionem
630 2340 798 2379 atriis‚sed
823 2342 985 2379 quantum
1009 2348 1072 2378 ego
1097 2338 1213 2369 videre
1239 2347 1391 2378 possum,
1419 2338 1495 2370 huic
1519 2339 1592 2370 loco
1617 2348 1685 2369 non

215 2397 298 2427 fides
322 2396 500 2428 tribuenda
536 2401 605 2436 est,
640 2408 718 2428 nam
751 2402 868 2437 aperta
901 2397 1148 2428 retractationis
1172 2396 1317 2435 vestigia
1350 2406 1431 2436 prae
1465 2406 1501 2427 se
1526 2396 1591 2427 fert
1614 2398 1684 2426 tota

215 2453 275 2485 illa
299 2464 409 2486 scena.
461 2457 494 2486 et
525 2455 569 2485 ad
602 2455 679 2486 illos
712 2465 831 2486 versus
856 2456 1028 2486 variorum
1063 2458 1250 2494 temporum
1287 2454 1439 2485 homines
1462 2453 1684 2485 contribuisse

214 2513 390 2553 videntur,
425 2514 514 2554 quod
538 2523 625 2545 unus
650 2513 791 2553 quisque
814 2514 995 2554 intellegit,
1034 2513 1092 2552 qui
1116 2513 1202 2544 hanc
1226 2523 1359 2545 scenam
1385 2513 1574 2553 perlegerit.
1623 2513 1685 2544 Ille

214 2581 296 2602 vero
314 2582 444 2611 versus,
471 2582 537 2612 quo
554 2572 744 2603 continetur
770 2572 847 2601 atrii
871 2572 1007 2609 mentio,
1032 2574 1212 2610 propterea
1236 2581 1368 2610 quoque
1394 2572 1515 2611 dignus
1540 2574 1601 2609 est,
1628 2571 1685 2610 qui

214 2630 370 2660 reiciatur
384 2653 392 2668 ,
430 2630 520 2670 quod
554 2639 622 2661 una
646 2639 722 2660 cum
746 2629 956 2660 antecedenti
982 2632 1016 2660 et
1049 2628 1238 2668 insequenti
1262 2632 1376 2670 turpat
1400 2639 1587 2661 connexum
1611 2638 1684 2660 sen-

212 2688 412 2726 tentiarum,
439 2690 573 2727 qualem
595 2692 741 2728 poscunt
765 2697 883 2718 versus
909 2689 976 2719 520
1000 2696 1092 2725 eqs.:

519 2745 707 2784 Ducuntur,
734 2745 832 2776 datur
856 2753 935 2776 aes:
973 2743 1144 2776 absolutos
1169 2753 1309 2776 censeas
1334 2753 1403 2784 eqs.
