1880 3245
444 753 862 810 Sententiae
910 759 1441 815 controversae:

279 896 334 936 ,I.
380 897 514 937 Plauti
556 898 814 950 Captivorum
855 912 914 940 vs.
947 902 1174 938 803—820
1213 899 1445 939 retractanti
1495 898 1671 939 fabulam

381 956 526 1017 poetae
556 967 792 1007 tribuendos
821 980 909 1008 esse
938 981 1094 1009 censeo.

276 1034 332 1074 ΙΙ.
380 1034 549 1086 Versus,
601 1037 748 1090 quibus
787 1037 920 1088 agitur
978 1038 1026 1076 de
1067 1037 1241 1088 chorago
1283 1050 1354 1077 seu
1400 1035 1587 1087 choragio
1628 1036 1672 1075 in

377 1106 593 1146 comoediis
634 1105 833 1147 Plautinis
874 1107 1001 1158 (Pers.
1041 1109 1131 1147 159.
1176 1107 1286 1146 Trin.
1330 1106 1410 1146 857
1454 1106 1567 1156 Capt.
1601 1104 1672 1156 59)

377 1174 504 1225 spurii
534 1178 639 1215 sunt.

253 1243 333 1283 III.
378 1244 498 1285 Errat
527 1245 794 1293 Ribbeekius,
837 1245 908 1298 qui
937 1246 980 1284 in
1011 1246 1071 1284 rh.
1104 1247 1206 1287 Mus.
1238 1245 1463 1293 XXXVII,
1496 1247 1548 1283 54
1580 1243 1673 1283 Asi-

381 1314 517 1353 nariae
547 1328 606 1355 vs.
640 1319 736 1364 946,
778 1313 860 1353 947
901 1315 949 1353 ad
991 1315 1317 1354 coercitationem
1353 1315 1395 1353 in
1427 1313 1673 1353 historiones

378 1384 610 1424 referendos
640 1397 727 1424 esse
757 1388 904 1424 censet.

261 1453 333 1492 IV.
379 1454 472 1493 Non
517 1458 626 1494 recte
668 1454 912 1494 Bitschelius
951 1454 994 1493 in
1035 1468 1144 1505 parg.
1184 1468 1251 1505 pg.
1295 1456 1375 1493 145
1417 1454 1466 1493 de
1497 1453 1669 1493 Caecilio

373 1523 500 1563 Statio
536 1523 708 1572 iudicat,
753 1535 871 1576 quem
901 1524 1031 1575 primo
1073 1523 1262 1563 Plautum
1305 1526 1496 1572 secutum,
1528 1524 1672 1562 deinde

376 1591 553 1632 Terentii
594 1593 780 1642 vestigiis
821 1593 1016 1633 institisse
1058 1605 1252 1644 apparere
1295 1592 1393 1632 dicit
1432 1605 1485 1631 ex
1513 1592 1599 1632 eius
1630 1595 1672 1632 et

372 1661 498 1700 latine
528 1665 569 1701 et
599 1675 739 1712 graece
770 1662 932 1712 seriptis
963 1662 1257 1701 comoediarum
1288 1661 1431 1700 titulis.

285 1730 334 1769 V.
377 1721 557 1781 Euripid.
578 1731 668 1781 Iph.
692 1730 811 1770 Taur.
834 1730 917 1784 (ed.
940 1732 1164 1772 Kirchhoff.
1187 1730 1296 1782 mai.)
1317 1744 1359 1770 v.
1382 1733 1463 1770 341
1497 1731 1670 1783 spurius.

265 1799 337 1839 VI.
382 1798 642 1839 Vasculorum
673 1799 817 1851 pictor,
848 1799 918 1852 qui
949 1799 1223 1840 dimissionem
1255 1799 1581 1851 Bellerophontis
1611 1801 1672 1840 fe-

373 1873 492 1919 cerat,
524 1882 606 1909 non
636 1869 883 1921 Euripidem,
913 1870 983 1909 sed
1004 1870 1229 1910 Homerum
1259 1869 1447 1921 respicit;
1479 1883 1576 1921 ergo
1600 1870 1671 1910 illa

375 1939 526 1978 femina
554 1952 636 1977 non
671 1939 937 1988 Stheneboea,
969 1941 1038 1978 sed
1072 1943 1206 1979 Antea
1235 1939 1481 1979 nominanda
1510 1946 1572 1980 est
1602 1942 1669 1992 (cf.

376 2009 484 2048 Mon.
516 2009 552 2047 d.
584 2008 685 2047 Inst.
721 2010 843 2057 1849,
874 2009 956 2048 tab.
987 2009 1121 2058 XXI).

177 2080 179 2082 ’
236 2077 329 2116 VII.
378 2077 572 2116 Vasorum
619 2077 795 2128 pictores
847 2077 1126 2118 exhibentium
1169 2079 1524 2131 Bellerophontem
1579 2080 1670 2119 Chi-

378 2160 550 2186 maeram
605 2147 905 2198 depugnantem
948 2161 1029 2187 non
1077 2149 1205 2188 solum
1248 2150 1297 2188 ad
1350 2162 1475 2189 unum
1515 2151 1670 2190 fontem

373 2216 612 2256 litterarium
660 2221 893 2265 recurrunt,
946 2218 1016 2256 sed
1057 2218 1177 2258 etiam
1219 2219 1390 2258 eundem
1434 2219 1671 2259 statuarium

371 2290 607 2338 excerpunt.

212 2355 329 2396 VIII.
376 2355 581 2407 Calpurnii
614 2356 738 2406 eclog.
772 2356 865 2406 VII,
899 2359 965 2406 41,
998 2360 1052 2396 42
1085 2358 1142 2398 sio
1171 2359 1440 2411 interpungo:

874 2427 944 2480 qui
974 2428 1134 2467 nescius
1163 2429 1252 2468 auri

446 2495 605 2535 sordida
634 2498 752 2545 tecta,
784 2508 893 2535 casas
922 2499 964 2536 et
994 2496 1080 2536 sola
1108 2497 1282 2549 mapalia
1311 2498 1431 2539 nosti.
