1880 3245
800 149 1091 196 -51-

212 259 283 299 dit.
327 259 462 311 Atque
482 257 562 296 hoc
591 256 686 296 inde
716 256 854 307 colligi
884 259 1031 310 potest,
1064 256 1169 311 quod
1201 259 1322 296 antea
1342 255 1518 306 Stichus,
1549 257 1682 309 prius-

214 342 333 383 quam
364 328 408 366 in
439 328 579 366 aedem
608 327 850 376 ingreditur,
882 327 983 366 dicit
1008 327 1154 379 (647):
1181 357 1187 362 .

329 396 481 436 cadum
511 397 630 436 modo
660 396 759 435 hinc
788 407 813 434 a
843 408 907 434 me
937 396 1018 434 huc
1059 408 1149 435 cum
1180 396 1278 436 vino
1309 397 1564 436 transferam.

213 467 322 515 Ergo
363 465 569 516 Dionysus
610 467 689 504 hoc
730 465 821 503 loco
852 469 914 503 est
944 466 1192 515 metonymia
1222 465 1330 513 vini,
1374 478 1494 517 quam
1526 479 1605 505 non
1639 467 1683 504 in

187 529 348 575 'Plauti
409 534 575 574 officina
616 533 855 573 fabricatam
910 547 997 573 esse
1044 546 1182 574 omnes
1229 535 1469 574 concedunt.
1539 535 1683 589 Neque

214 606 322 645 enim
351 605 542 644 Latinum
587 616 733 643 nomen
779 604 927 643 Bacchi
958 602 1107 643 ‘Liber'
1137 608 1379 656 usurpatur,
1421 609 1469 643 ut
1510 605 1553 643 in
1585 606 1684 644 Cur·

214 673 386 715 culionis
416 687 455 714 v.
488 676 564 713 98:

359 743 482 792 salve,
513 743 648 783 anime
678 743 745 791 mi,
776 743 890 795 lepos
922 743 1073 791 Liberi,
1107 747 1154 783 ut
1183 744 1335 783 veteris
1367 756 1442 794 ego
1475 758 1565 783 sum

959 813 1104 863 cupida
1136 813 1238 864 (soil.
1270 812 1404 865 vini.),‘

215 883 283 921 sed
316 882 514 921 Graecum
546 894 693 920 nomen
727 877 941 927 Διόνυσος.

333 1042 381 1082 Iu
412 1042 694 1082 Trinummi
715 1042 912 1083 versibus
945 1045 1027 1082 205
1061 1056 1157 1096 eqs.‚
1188 1042 1258 1082 ubi
1291 1043 1577 1093 Megaronides
1608 1045 1682 1084 ho-

215 1113 394 1153 minibus
415 1112 631 1161 maledicit,
664 1112 732 1165 qui
756 1112 893 1151 omnia
909 1112 1012 1151 scire
1033 1112 1175 1160 velint,
1208 1126 1311 1166 quae
1338 1113 1441 1153 scire
1474 1127 1555 1152 non
1588 1127 1681 1164 pos-

216 1184 310 1231 sint,
341 1180 533 1231 legimus:
575 1180 730 1229 Sciunt,
761 1182 870 1233 quod
900 1181 1006 1220 Iuno
1036 1181 1261 1221 fabulatust
1291 1195 1382 1221 cum
1413 1184 1524 1231 Iove,

216 1264 388 1305 quocum
408 1251 606 1291 ,conferre
636 1249 780 1289 iubent
809 1250 1055 1303 interpretes
1086 1248 1349 1290 Theocritum
1380 1250 1569 1303 (Adon.):

424 1315 558 1358 πάντα
589 1322 776 1371 γυναῖκες
821 1318 952 1358 ἴσαντι
993 1317 1060 1357 καὶ
1103 1313 1298 1366 ὦς’Ζεῦς
1338 1314 1508 1373 ἤγαγεθ’
1535 1316 1682 1373 ”Henna

329 1388 612 1439 Megaronides
659 1388 893 1428 hominibus
951 1389 1160 1438 omnibus,
1218 1377 1459 1429 Theocritus
1515 1391 1680 1430 feminis

213 1461 331 1499 modo
362 1447 578 1499 maledicit.
649 1457 723 1497 Est
754 1451 842 1497 sine
873 1457 994 1497 dubio
1036 1457 1296 1510 proverbium
1328 1458 1537 1507 Graecum,
1570 1460 1677 1513 quod

212 1528 474 1577 Theocritus,
520 1527 553 1566 si
585 1527 749 1581 quidem
779 1527 900 1566 fidem
940 1527 1157 1566 tribuimus
1200 1527 1389 1567 carminis
1431 1529 1678 1581 hypothesi:

212 1596 441 1651 παρέπλασε
484 1594 526 1635 δὲ
569 1592 612 1635 td
667 1591 910 1646 ποὶημᾶτιον
952 1593 996 1635 ἐκ
1038 1595 1119 1635 τῶν
1160 1590 1272 1648 παραὶ
1313 1591 1522 1649 Σώφρωνι
1572 1602 1679 1638 θεω-

212 1665 343 1718 μένων
374 1661 422 1705 w}
456 1660 646 1715 -Ἵσθμιαε
698 1658 870 1718 sumpsit
909 1678 961 1705 ex
1002 1665 1227 1718 Sophrone,⁴
1257 1665 1371 1705 cuius
1403 1667 1546 1707 mimos
1587 1668 1679 1708 Pla-

212 1742 351 1778 tonem
382 1735 627 1776 aemulatum
660 1747 747 1774 esse
778 1738 901 1788 atque
932 1735 1116 1775 Athenas
1147 1734 1373 1785 portavisse
1405 1735 1530 1777 Duris
1561 1739 1679 1778 testis

214 1810 276 1846 est
305 1805 412 1859 apud
446 1806 713 1845 Athenaeum.
774 1805 921 1859 Itaque
953 1803 1118 1844 dubium
1150 1817 1236 1843 esse
1268 1818 1349 1844 non
1391 1809 1539 1857 potest,
1580 1806 1680 1860 quin

212 1877 313 1914 illud
344 1875 607 1927 proverbium
629 1873 804 1913 Athenis
835 1877 976 1912 notum
1007 1874 1133 1912 fuerit
1162 1873 1413 1924 temporibus
1446 1888 1577 1916 novae
1609 1889 1677 1915 co-

215 1944 411 1993 moediae,
444 1955 523 1997 qua
553 1956 597 1982 re
618 1936 771 1983 factum
802 1946 875 1991 est,
906 1947 953 1983 ut
973 1942 1073 1982 illud
1095 1941 1318 1995 Sophronis
1348 1955 1423 1994 per
1444 1944 1677 1985 comoedias

215 2015 390 2054 Graecas
419 2013 463 2051 in
495 2012 685 2051 Plautum
716 2012 878 2051 veniret
897 2012 947 2063 ¹).

305 2178 340 2216 1)
369 2174 585 2206 Theocritum
610 2172 819 2213 Sophronem
844 2171 1052 2212 expressisse
1077 2173 1176 2204 docet
1199 2172 1278 2204 Otto
1303 2173 1383 2204 lahn
1408 2173 1440 2204 in
1465 2175 1677 2214 prolegome-

208 2235 262 2267 nis
295 2235 337 2266 ad
363 2233 470 2265 Persii
495 2233 625 2264 satiras.
674 2234 774 2271 atque
799 2231 954 2262 Plautum
991 2231 1058 2262 alia
1082 2231 1205 2263 similia
1228 2231 1409 2272 proverbia
1433 2241 1475 2262 ex
1499 2231 1676 2272 Sophrona

208 2302 269 2333 per
302 2291 491 2323 comoedias
529 2290 677 2327 Graecas
715 2289 884 2329 accepisse
916 2298 1081 2329 apparere
1115 2289 1249 2321 videtur
1273 2300 1313 2321 ex
1355 2290 1526 2321 nonnullis
1565 2292 1674 2323 locis:

208 2352 249 2383 cf.
276 2351 433 2384 Pseudol.
462 2351 550 2383 107:
576 2349 624 2380 ita
649 2348 863 2389 supercilium
888 2348 984 2387 salit,
1025 2348 1184 2380 Theocrit
1208 2351 1241 2388 3,
1268 2349 1330 2381 37:
1363 2341 1548 2390 ὀφθαλμὸς
1571 2343 1671 2382 ἅλλε-

194 2395 288 2450 '‘tat-v
324 2410 365 2441 cf.
385 2408 568 2440 Schneider
584 2408 625 2438 de
642 2406 832 2447 proverbiis
851 2404 1019 2439 Plautinis
1036 2407 1313 2447 Terentianisque
1337 2406 1503 2438 dissertat.
1555 2408 1669 2440 Berol.

209 2468 309 2499 1878.
940 2491 944 2495 ,

381 2526 534 2558 Aulum.
560 2525 618 2555 111.
644 2526 675 2562 e,
702 2525 767 2555 28:
1159 2522 1327 2554 Theou-it.
1352 2521 1397 2552 11.
1422 2521 1478 2552 89.

271 2584 327 2623 qui
352 2593 430 2616 ossa
454 2586 553 2622 atque
578 2581 676 2621 pellis
700 2585 789 2613 totus
815 2590 888 2613 sum
1091 2605 1205 2612 .....
1234 2574 1323 2613 αὐτοὶ
1348 2575 1388 2612 δὲ
1410 2574 1509 2611 λοιπὰ

465 2640 598 2681 CaptiV.
627 2640 712 2671 185:
1088 2632 1176 2672 ὅστῖ
1202 2632 1248 2670 ἔτ’
1273 2626 1319 2678 ἦς
1342 2633 1403 2669 καὶ
1427 2633 1550 2678 δέρμα.

287 2708 366 2735 ossa
387 2702 486 2739 atque
510 2697 608 2739 pellis
631 2706 715 2736 sum,
741 2697 852 2729 miser.
916 2706 920 2708 ⁷

1322 2752 1388 2792 455
