1880 3245
805 164 1099 208 -36-

212 284 406 310 aerumna
434 270 602 309 minime
633 270 688 311 sit
717 283 855 323 pugna
885 285 975 311 oum
1006 270 1248 324 Hippolyta.
1308 273 1445 325 Atque
1475 281 1688 320 aerumnas

209 339 255 380 in
283 340 574 381 duodenarium
605 354 817 381 numerum
852 342 1095 394 compositas
1137 341 1285 391 fuisse,
1324 342 1543 394 Euripides
1571 340 1688 382 testis

212 414 294 459 est,
337 424 426 450 cum
471 410 593 451 etiam
614 441 616 443 -
635 411 824 451 denarius
866 425 1059 451 numerus
1100 413 1236 452 exstet
1273 413 1322 451 ut
1361 410 1405 450 in
1437 410 1687 451 ornamentis

210 479 352 532 templi
396 480 555 522 Thesei.
617 480 776 525 Quibus
819 495 907 522 cum
951 483 1074 522 rebus
1117 482 1149 521 si
1191 481 1474 532 coniungimus
1517 481 1687 522 Diodori

209 550 280 602 (V,
327 551 516 604 10—26)
546 551 783 603 Apollodori
828 551 900 603 (Π,
945 551 987 604 5)
1019 551 1178 604 Hygini
1219 550 1312 604 (30)
1351 549 1688 599 enumerationes,

210 633 447 660 amazonum
478 621 644 672 reginae
674 635 813 672 pugna
843 621 911 662 vel
953 624 1140 662 octavum
1170 622 1239 662 vel
1269 635 1420 661 nonum
1451 620 1585 660 locum
1617 622 1688 660 ob-

210 690 325 730 tinet.
387 690 473 729 Tali
506 702 560 729 ex
592 690 895 742 comperatione
923 690 1148 732 evincimus
1181 691 1322 741 etiam,
1358 693 1509 731 certum
1531 696 1688 730 aerum-

209 773 351 800 narum
372 760 556 800 ordinem
578 764 739 801 exstare
761 762 867 813 apud
888 762 1043 801 nullum
1067 762 1317 813 scriptorem,
1341 760 1523 811 exceptis
1543 760 1689 800 duobis

210 829 354 881 primis
399 833 442 870 et
478 831 677 871 extremis
718 824 886 880 ἄθλοις,
933 831 1082 885 quibus
1122 831 1384 872 continentur
1420 842 1559 882 pugna
1597 842 1688 869 cum

209 900 352 950 leone,
399 914 490 941 cum
522 901 687 954 Hydra,
720 915 807 941 cum
841 902 1028 950 Cerbero,
1060 914 1204 953 pomae
1235 901 1566 952 Hesperidarum.
1629 901 1689 939 Ac

209 983 262 1009 ne
292 972 371 1010 hoc
402 971 563 1024 quidem
603 970 727 1017 ullius
758 971 950 1011 momenti
992 971 1040 1010 ad
1073 970 1363 1011 conficiendam
1395 972 1576 1010 nostram
1607 969 1687 1009 dis-

213 1040 475 1094 quisitionem
507 1044 580 1090 est,
613 1041 722 1095 quod
753 1054 806 1080 ex
826 1041 1121 1093 posterioribus
1150 1040 1403 1092 temporibus
1434 1039 1685 1080 enumeratio

214 1111 258 1149 in
292 1111 479 1162 Append.
511 1111 681 1151 Planud.
714 1111 828 1151 XVI.
863 1114 916 1150 92
949 1113 1105 1160 exstat,
1149 1112 1219 1150 ubi
1251 1110 1353 1150 miro
1385 1110 1559 1164 quodam
1592 1122 1688 1149 casu

215 1184 375 1222 sextum
415 1180 547 1221 locum
588 1182 819 1222 Amazones
860 1181 1058 1222 obtinent.
1120 1180 1256 1223 Quid?
1300 1181 1407 1234 quod
1450 1180 1573 1220 etiam
1617 1179 1689 1219 illa

213 1264 407 1291 aerumna
435 1251 478 1289 in
523 1251 698 1302 metopis
728 1251 870 1302 templi
913 1251 1025 1292 Iovis
1057 1250 1258 1303 Olympici
1290 1253 1407 1290 sexto
1437 1250 1527 1289 loco
1558 1246 1699 1289 nomi-¹

213 1323 309 1361 nata
338 1320 444 1359 nihil
473 1319 605 1369 valet,
635 1333 726 1360 cum
758 1320 981 1360 Pausanias
1010 1319 1167 1360 verbis:
1208 1316 1291 1358 ἔστι
1330 1315 1373 1358 δὲ
1417 1317 1460 1359 ἐν
1498 1318 1688 1376 Ολυμπίᾳ

214 1387 284 1429 καὶ
312 1383 558 1442 Ἡρακλέους
588 1384 638 1428 τοὶ
670 1384 798 1429 πολλοὶ
827 1389 910 1428 τῶν
941 1386 1092 1443 ἔργων,
1123 1388 1382 1439 testificetur,
1414 1389 1505 1430 illas
1532 1402 1689 1430 aerum-

213 1473 287 1500 nas
326 1473 407 1499 non
449 1450 560 1498 ἆθλα
601 1473 705 1513 quae
748 1460 937 1500 dicuntur
967 1472 1068 1499 esse.
1131 1459 1245 1502 Quae
1276 1472 1366 1499 cum
1396 1460 1455 1499 ita
1484 1459 1586 1508 sint,
1618 1459 1690 1499 ali-

214 1529 307 1583 quis
336 1541 487 1579 negare
517 1531 664 1580 potest,
697 1531 854 1569 sextam
886 1541 1118 1568 aerumnam
1151 1541 1238 1568 esse
1268 1542 1445 1580 pugnam
1470 1542 1560 1568 cum
1583 1529 1688 1580 Hip-

214 1599 357 1651 polyta
386 1599 548 1647 factam,
581 1611 826 1652 quamquam
859 1612 941 1637 non
971 1611 1118 1649 magna
1147 1611 1237 1637 cum
1270 1599 1406 1649 specie
1426 1599 1526 1638 veri.
1579 1600 1687 1649 Ergo

216 1671 368 1708 certum
402 1668 452 1706 ad
485 1668 607 1707 finem
638 1667 856 1719 pervenire
887 1680 970 1706 non
1001 1680 1226 1719 possumus,
1259 1675 1350 1708 cum
1380 1667 1570 1708 Plautino
1601 1667 1689 1708 loco

216 1750 451 1778 aerumnam
492 1740 534 1777 et
573 1750 661 1777 esse
691 1750 869 1788 pugnam
902 1737 1155 1788 Hippolytae
1187 1741 1229 1776 et
1258 1737 1423 1775 minime
1454 1750 1541 1777 esse
1572 1749 1691 1788 posse

217 1810 409 1855 statuere,
440 1819 521 1845 non
545 1806 764 1845 abhorreat
783 1818 807 1844 a
827 1805 1013 1846 veritatis
1036 1805 1184 1857 specie.
1225 1804 1496 1848 Quamobrem
1519 1809 1581 1846 sat
1602 1818 1689 1846 esse

217 1877 338 1917 debet
367 1876 645 1928 pronuntiare,
678 1875 789 1915 illam
814 1888 1046 1916 aerumnam
1069 1879 1177 1916 certe
1203 1889 1256 1915 ex
1274 1876 1429 1928 ,Graeco
1449 1877 1563 1917 fonte
1585 1891 1691 1916 sum-

215 1950 327 1997 ptam
359 1959 467 1995 esse,
511 1946 582 1984 ubi
623 1946 796 1985 fortasse
836 1945 908 1985 illo
952 1942 1092 1985 ‘sexta’
1131 1946 1328 1985 vocabulo
1377 1947 1534 1986 adiecto
1578 1947 1691 1986 iocus

218 2015 483 2064 efficiebatur,
516 2028 636 2068 quem
667 2028 743 2054 nos
773 2015 1004 2066 perspicere
1034 2028 1117 2055 non
1148 2029 1372 2066 possumus.

336 2153 387 2193 In
410 2152 734 2194 Mercatoris
765 2167 805 2195 v.
828 2157 911 2194 469
945 2154 1148 2195 Charinus
1179 2153 1429 2204 adulescens,
1463 2169 1505 2194 se
1537 2155 1693 2195 nullum

220 2223 302 2262 iam
334 2237 436 2273 esse,
476 2223 698 2263 adfirmans
730 2223 850 2272 dicit,
883 2238 926 2264 se
956 2224 1079 2274 longe
1110 2223 1250 2276 peiore
1281 2225 1449 2264 fortuna
1478 2224 1537 2264 uti
1571 2238 1692 2279 quam

220 2294 465 2342 Pentheum,
500 2305 619 2346 quem
651 2293 837 2334 Bacchae
868 2293 1182 2347 discerpserint:

341 2363 570 2403 Pentheum
602 2363 819 2415 diripuisse
851 2364 970 2404 aiunt
1001 2365 1194 2412 Bacchas,
1226 2377 1353 2414 nugas
1386 2378 1593 2405 maxumas

343 2432 488 2472 Fuisse
520 2433 653 2482 oredo,
683 2447 781 2486 prae
813 2448 893 2488 quo
924 2439 1044 2487 pacto
1078 2448 1154 2485 ego
1185 2434 1373 2475 divorsus
1403 2435 1622 2478 distrahor.

340 2504 422 2543 Cur
452 2517 526 2554 ego
557 2503 667 2552 vivo,
702 2516 774 2543 cur
804 2518 886 2543 non
917 2505 1082 2554 morior,
1116 2503 1213 2558 quid
1246 2505 1343 2545 mist
1371 2505 1415 2545 in
1448 2506 1536 2547 vita
1565 2506 1692 2546 boni?

225 2574 467 2628 quibuscum
482 2574 670 2618 versibus
687 2573 891 2623 coniunge
906 2574 1042 2615 locum
1068 2588 1119 2614 ex
1141 2573 1354 2615 Vidularia
1369 2576 1477 2627 apud
1494 2576 1691 2616 Priscian.

224 2658 291 2697 pg.
317 2645 422 2683 738:
455 2643 638 2683 eiusdem
658 2644 846 2684 Bacchae
866 2644 1054 2683 fecerunt
1075 2647 1255 2682 nostram
1277 2657 1422 2685 navem
1444 2647 1695 2687 Pentheum:

226 2712 294 2752 ubi
325 2726 415 2752 cum
438 2712 612 2752 Bacchis
634 2715 939 2764 componuntur
969 2711 1036 2752 vel
1057 2712 1204 2752 fluctus
1235 2712 1302 2755 vel
1322 2717 1555 2767 tempestas.
1616 2716 1697 2756 Sed
