1880 3245
786 746 1035 802 Vita.

298 901 527 944 Fridericus
558 900 810 941 ‘Wilhelmus
857 902 1033 941 Jacobus
1076 900 1334 951 Ostermayer
1383 901 1501 939 natus
1550 913 1638 939 sum

183 984 459 1032 Norinbergae
491 982 533 1021 in
564 983 665 1021 urbe
685 982 880 1023 Bavariae
911 995 944 1021 a.
968 983 1004 1021 d.
1035 981 1107 1021 IV,
1138 980 1200 1020 Id.
1218 980 1329 1031 Sept.
1360 993 1395 1019 a.
1416 980 1456 1020 h.
1477 993 1508 1019 s.
1539 979 1637 1018 LIX

183 1069 297 1119 patre
327 1062 545 1103 Wilhelmo
560 1095 570 1113 ,
611 1065 738 1103 matre
780 1063 1005 1104 Katharina
1044 1075 1066 1101 e
1097 1065 1217 1113 gente
1260 1061 1436 1112 Hilpert.
1497 1060 1638 1099 Fidem

182 1146 374 1200 profiteor
415 1145 699 1195 evangelicam.
760 1145 1005 1185 Litterarum
1044 1143 1255 1183 elementis
1283 1133 1462 1182 imbutus
1491 1142 1640 1181 Norin-

183 1229 329 1278 bergae
361 1229 403 1267 et
432 1226 636 1266 Monachii
669 1230 711 1267 et
740 1226 902 1279 Lipsiae
932 1239 1033 1279 puer
1063 1226 1198 1267 decem
1230 1238 1426 1266 annorum
1456 1226 1642 1276 receptus

183 1322 270 1349 sum
310 1307 417 1347 inter
457 1307 674 1359 discipulos
715 1308 875 1348 scholae
919 1307 1169 1347 Krausianae
1210 1306 1462 1347 Dresdensis.
1536 1305 1639 1346 Vere

182 1389 278 1430 anni
327 1390 434 1428 1874
476 1389 758 1441 transmigravi
808 1390 851 1429 in
905 1389 1157 1442 gymnasium
1204 1389 1359 1439 regium
1401 1389 1639 1438 Dresdense,

184 1470 290 1525 quod
333 1451 418 1509 tum
458 1470 634 1521 Ilbergio
673 1473 828 1510 rectore
868 1470 1052 1510 florebat.
1113 1469 1362 1510 Maturitatis
1404 1469 1637 1510 testimonio

181 1552 401 1593 instructus
438 1552 534 1591 inde
574 1565 598 1592 a
638 1564 733 1591 vere
771 1543 866 1591 anni
913 1551 1019 1591 1879
1062 1565 1191 1605 usque
1230 1552 1281 1591 ad
1332 1565 1481 1591 annum
1527 1554 1634 1591 1881

184 1633 399 1688 Gryphiae,
431 1634 480 1673 ab
513 1633 621 1673 anno
644 1635 748 1673 1881
784 1646 857 1686 per
885 1633 948 1673 bis
979 1647 1052 1674 sex
1081 1646 1238 1674 menses
1267 1633 1441 1686 Lipsiae,
1472 1636 1556 1674 tum
1586 1634 1638 1673 ab

181 1730 288 1756 anno
322 1719 432 1756 1882
464 1728 592 1769 usque
622 1716 671 1755 ad
702 1719 958 1755 auctumnum
990 1716 1086 1755 anni
1122 1719 1230 1755 1883
1262 1716 1408 1756 iterum
1430 1715 1637 1769 Gryphiae

180 1812 243 1838 me
276 1798 369 1838 dedi
400 1797 548 1838 studiis
567 1796 832 1849 philologieis.
864 1798 1099 1838 Docuerunt
1129 1810 1193 1836 me
1211 1811 1277 1839 vv.
1309 1796 1390 1838 ill.:
1420 1796 1638 1848 Kiessling,

180 1881 230 1920 de
266 1879 539 1920 Wilamowitz
572 1900 625 1907 -
658 1878 938 1929 Moellendorf,
969 1879 1181 1927 Susemihl,
1214 1879 1408 1927 Preuner,
1437 1879 1637 1930 Schuppe,

179 1961 454 2012 Luetjohann,
496 1959 623 1999 Seeck
665 1959 1085 2011 Gryphiswaldenses,
1131 1960 1365 2012 Lipsienses
1413 1960 1637 2010 Overbeck,

180 2041 376 2092 Ribbeck,
408 2041 581 2094 Lipsius,
613 2042 662 2081 de
692 2041 870 2091 Norden,
902 2041 1126 2083 Schreiber.
1172 2041 1383 2083 Seminarii
1404 2042 1638 2095 philologici

179 2123 570 2178 Gryphiswaldensis
600 2138 673 2176 per
695 2125 772 2164 duo
794 2124 1003 2165 semestria
1024 2124 1171 2164 sodalis
1200 2125 1261 2164 fui
1283 2124 1636 2174 extraordinarius,

177 2218 250 2257 per
280 2207 357 2246 duo
389 2206 613 2264 ordinarius
653 2206 953 2247 moderantibus
984 2206 1231 2258 Kiesslingio
1273 2210 1314 2247 et
1355 2207 1411 2252 de,
1444 2206 1636 2248 Wilamo-

177 2287 327 2328 witzio.
386 2288 601 2328 Praeterea
620 2286 783 2339 Lipsiae
812 2301 885 2339 per
905 2288 968 2328 bis
997 2301 1070 2328 sex
1091 2301 1248 2328 menses
1275 2287 1335 2327 fui
1356 2288 1503 2328 sodalis
1532 2288 1636 2328 ordi-

178 2368 314 2409 narius
344 2368 548 2409 seminarii
579 2369 871 2420 archaeologici
902 2373 944 2410 et
972 2370 1175 2412 societatis
1201 2370 1480 2412 Ritchelianae
1511 2371 1635 2412 Over·

177 2448 322 2490 beekio
377 2456 419 2491 et
469 2451 694 2491 Ribbeckio
746 2452 1058 2492 moderantibus.
1129 2452 1229 2492 Tum
1285 2453 1480 2493 interesse
1536 2453 1635 2491 mihi

177 2529 293 2573 licuit
333 2533 691 2576 exercitationibus
722 2533 977 2576 aristotelicis
1017 2538 1059 2576 et
1088 2536 1302 2589 platonicis
1331 2548 1355 2575 a
1383 2534 1637 2585 Susemihlio,

178 2614 355 2655 metricis
376 2615 648 2666 privatissime
670 2629 693 2655 a
714 2616 1039 2666 Wilamowitzio‚
1070 2616 1355 2667 archaelogieis
1385 2629 1408 2655 a
1429 2617 1634 2655 Preunero

177 2693 219 2732 et
247 2692 483 2739 Schrsibero
513 2696 722 2738 institutis.

1333 2769 1356 2805 5
