1880 3245
783 180 1075 225 -54-

186 291 280 338 eget
309 288 669 339 interpretatione;
701 302 825 328 unum
859 289 1020 342 quidem
1052 292 1206 329 certum
1237 290 1401 330 videtur
1430 303 1538 338 esse,
1560 290 1662 346 jGer·

187 370 320 407 copes,
353 357 515 397 dolosos
534 357 811 397 homunculos
842 357 1063 397 Herculem
1094 358 1380 407 aggredientes
1409 359 1473 397 ab·
1491 372 1539 398 eo
1571 358 1662 397 vin-

187 429 294 474 ctos,
343 426 490 466 deinde
520 430 655 466 autem
696 431 864 477 propter
904 427 1015 467 iocos
1046 426 1240 466 demissos
1283 438 1394 477 esse;
1438 430 1525 467 tum
1563 440 1661 468 vero

187 508 378 546 cercopes
409 496 551 535 simiae
581 499 696 544 sunt,
739 500 785 535 ut
814 496 950 536 insula
979 496 1175 547 Gercopia
1205 494 1259 535 sit
1287 495 1401 546 regio
1430 495 1660 543 simiarum;

187 568 312 617 atque
343 564 448 604 nihil
478 564 587 604 aliud
618 565 797 605 efficitur
826 566 906 605 nisi
938 569 985 606 ut
1013 565 1222 605 fabulosus
1251 578 1327 604 rex
1353 552 1588 605 inveniatur
1615 565 1661 604 in

186 639 295 672 terra
324 634 532 683 fabulosa,
565 638 688 688 atque
718 635 853 674 insula
887 635 1083 686 Cercopia
1113 634 1218 673 nihil
1248 637 1311 674 est
1339 621 1419 674 nisi
1450 634 1658 684 „Schwin-

189 703 378 742 delland“
411 707 550 743 nostra
579 704 729 754 lingua.
791 704 869 744 Sed
900 705 1018 745 valde
1053 705 1185 755 lugeo,
1218 704 1325 757 quod
1356 704 1462 743 hanc
1491 716 1575 742 rem
1612 704 1662 742 ad

186 777 341 812 certum
358 773 481 814 finem
501 776 724 826 perducere
741 789 826 815 non
847 790 1023 828 possum,
1049 776 1119 816 sed
1137 789 1235 826 egeo
1258 774 1366 815 omni
1383 775 1658 823 fundamento,

188 842 278 882 sine
310 857 391 897 quo
424 845 530 884 nihil
560 845 661 885 certi
694 846 949 895 evincemus,
993 859 1236 899 quamquam
1279 845 1444 885 dubium
1476 858 1558 884 non
1589 847 1661 893 est,

187 912 287 965 quin
320 916 407 953 tota
435 927 502 955 res
532 920 715 955 recurrat
745 916 795 955 ad
828 916 1025 956 Graecum
1055 916 1224 954 fontem.
1473 920 1479 925 '

302 1053 351 1090 In
382 1052 721 1103 Truculenti,
754 1055 803 1092 ad
827 1066 946 1105 quam
973 1067 1082 1092 nunc
1104 1052 1342 1102 accedimus,
1374 1056 1509 1092 exstat
1537 1053 1661 1101 locus,

188 1119 258 1172 qui
294 1125 389 1170 eget
418 1121 770 1173 interpretatione.
830 1123 881 1161 In
923 1135 1046 1163 versu
1087 1122 1194 1161 enim
1230 1125 1312 1161 515
1345 1122 1460 1161 miles
1500 1122 1661 1161 domum

187 1202 381 1230 reversus
412 1191 686 1241 meretricem,
731 1205 854 1245 quam
885 1192 1040 1232 decimo
1071 1196 1165 1231 ante
1195 1204 1343 1231 mense>
1363 1190 1569 1241 gravidam
1597 1204 1661 1230 re-

186 1258 378 1313 liquerat,
411 1260 469 1300 sic
500 1261 671 1301 salutat:
1371 1248 1376 1252 θ

225 1330 335 1368 Mars
353 1330 392 1380 ¹)
421 1343 590 1381 peregre
621 1331 843 1371 adveniens
874 1331 1024 1371 salutat
1054 1331 1262 1370 Nerienen
1293 1343 1466 1370 uxorem
1497 1343 1622 1370 suam.

188 1401 326 1452 Atque
367 1399 586 1439 Nerienem
629 1400 716 1440 sive
757 1400 923 1440 Neriam
976 1388 1091 1439 deam
1132 1400 1277 1440 Martis
1321 1400 1531 1449 coniugem
1574 1413 1661 1439 esse
1719 1437 1724 1442 .

190 1468 288 1507 satis
330 1469 401 1519 eis,
443 1481 548 1522 quae
588 1473 756 1520 propter
795 1470 903 1509 hunc
946 1469 1078 1520 ipsum
1121 1469 1254 1508 Plauti
1285 1469 1419 1508 locum
1458 1469 1664 1520 congessit

190 1536 345 1576 Gellius
365 1537 490 1586 XIII,
514 1541 581 1577 23.
611 1538 852 1587 declaratur,
883 1539 934 1579 cf.
966 1543 1176 1590 praeterea
1197 1538 1367 1578 Prelleri
1391 1538 1520 1590 Myth.
1542 1540 1659 1578 Rom.

189 1620 230 1656 p.
262 1610 346 1645 342
367 1606 401 1646 ³.
462 1607 582 1647 Hanc
611 1608 816 1647 Nerienen
858 1609 996 1659 posuit
1035 1608 1204 1647 Plautus
1244 1621 1317 1659 pro
1350 1607 1576 1658 Aphrodite
1616 1607 1661 1645 in

191 1675 344 1715 Graeca
362 1676 520 1725 fabula,
551 1690 641 1717 cum
672 1677 745 1717 illa
774 1681 906 1717 aetate
936 1678 1116 1717 nondum
1146 1677 1293 1718 Latina
1321 1676 1491 1716 numina
1521 1676 1657 1716 eadem

192 1750 328 1786 essent
356 1750 480 1800 atque
503 1747 674 1796 Graeca;
706 1747 851 1787 deinde
883 1751 1018 1787 autem
1048 1751 1169 1799 poeta
1199 1760 1253 1787 ex
1274 1747 1426 1787 Graeca
1456 1740 1664 1787 comoedia

189 1815 315 1855 vertit
344 1819 385 1855 et
414 1830 489 1867 pro
519 1817 759 1868 Aphrodite,
793 1830 896 1870 quae
918 1830 1009 1856 cum
1031 1817 1161 1857 Marte
1199 1816 1494 1864 nominabatur,
1526 1816 1663 1867 posuit

194 1883 339 1924 Martis
369 1885 605 1935 coniugem,
650 1899 893 1939 quamquam
921 1885 1011 1945 ⁸illa
1051 1885 1217 1924 minime
1257 1890 1353 1937 apta
1394 1888 1456 1925 est
1492 1886 1541 1924 ad
1574 1898 1661 1924 eam

193 1955 512 2004 significandam.
571 1954 650 1994 Sed
677 1955 781 2002 vide,
816 1958 967 2008 quanto
998 1955 1133 2005 aptius
1164 1955 1359 1994 meretrix
1390 1968 1479 1993 cum
1502 1954 1661 1993 Venere

191 2023 463 2073 coniungatur
493 2036 614 2077 quam
645 2032 735 2063 cu'm
767 2023 1014 2064 matrimonii
1047 2024 1132 2064 dea.
1210 2026 1348 2077 Atque
1378 2027 1542 2064 exstant
1582 2023 1660 2062 duo

190 2092 270 2132 alia
300 2093 499 2144 exempla,
532 2092 680 2144 quibus
711 2093 809 2132 satis
840 2093 1139 2132 demonstretur
1169 2096 1331 2143 poetam
1352 2092 1556 2131 'Umbrum
1579 2092 1660 2132 Ro-

190 2175 331 2202 manos
362 2163 459 2202 deos
489 2175 564 2214 pro
587 2161 831 2202 Graecorum
859 2162 1094 2202 numinibus
1122 2162 1354 2215 inseruisse.
1417 2163 1552 2214 Atque
1579 2160 1660 2213 pri-

191 2246 300 2271 mum
333 2232 495 2286 quidem
527 2232 571 2270 in
603 2232 735 2283 prima
763 2245 884 2272 scena
920 2237 1034 2272 actus
1064 2232 1175 2273 tertii
1206 2232 1473 2272 Terentianae
1503 2244 1661 2270 comoe-

191 2301 281 2340 diae
315 2302 490 2341 Andriae
523 2302 755 2354 Glycerium
798 2303 899 2342 haec
935 2303 1070 2342 verbar
1102 2301 1223 2341 facit:
1274 2302 1376 2341 Iuno
1408 2301 1564 2341 Lucina
1598 2301 1662 2340 fer

190 2385 332 2422 opem,
374 2384 492 2411 serva
521 2384 609 2419 me,
651 2376 693 2411 te
735 2384 902 2422 opsecro
912 2387 923 2419 3
962 2372 1012 2410 ad
1050 2383 1170 2424 quem
1201 2383 1362 2411 versum
1392 2370 1576 2410 Donatus
1616 2371 1660 2409 in

288 2495 322 2538 1)
347 2496 446 2528 Miles
471 2496 640 2537 gloriosus
664 2507 732 2528 non
758 2498 862 2529 semel
888 2507 964 2529 cum
988 2497 1096 2528 Marte
1121 2500 1352 2537 comparatur,
1380 2497 1469 2536 quod
1495 2497 1660 2528 evincitur

189 2566 229 2587 ex
254 2555 365 2596 prima
390 2565 492 2587 scena
516 2554 634 2586 Militis
659 2555 819 2595 gloriosi,
856 2564 941 2594 quae
967 2555 1067 2597 etiam
1103 2554 1133 2585 ei
1168 2555 1216 2586 rei
1240 2559 1291 2586 est
1316 2555 1527 2593 testimonio,
1563 2555 1660 2585 illum

188 2615 331 2646 Martem
349 2614 491 2645 eundem
516 2622 591 2645 esse
610 2617 711 2654 atque
730 2615 833 2644 Arem
853 2612 1070 2652 Graecorum,
1097 2622 1174 2644 nam
1198 2616 1303 2644 totam
1320 2622 1455 2644 scenam
1479 2612 1514 2643 in
1531 2611 1661 2644 Graeca

189 2673 325 2704 officina
349 2672 548 2703 fabricatam
587 2681 661 2703 esse
686 2680 802 2702 omnes
828 2672 1015 2702 concedunt
1039 2675 1176 2711 propter
1201 2671 1462 2702 familiaritatem
1485 2679 1560 2701 cum
1584 2670 1659 2701 Ari-

190 2730 300 2770 stoph.
326 2740 423 2771 vesp.
451 2733 552 2770 atque
577 2729 667 2761 Plut.
692 2738 796 2761 scena
819 2728 939 2769 prima.
