1880 3245
814 190 1105 233 -44-

339 298 390 335 Iu
420 310 459 337 v.
498 298 576 335 199
609 296 740 336 Ballio
783 296 955 346 singulis
985 295 1265 337 meretricibus
1294 296 1565 348 imperaturus
1595 294 1693 349 q'uid

220 365 384 415 faciant,
416 367 720 406 Aeschrodorae
751 366 875 406 edicit
903 367 1049 406 hocce:

281 436 575 485 Aeschrodora‚
607 439 652 476 tu
684 449 788 490 quae
809 437 960 477 amicos
990 437 1067 477 tibi
1088 436 1214 476 habes
1244 434 1435 475 lenonum
1458 435 1637 475 aemulos

281 505 445 554 Lanios,
479 506 549 559 qui
570 506 668 546 item
698 510 745 546 ut
776 520 850 546 nos
869 507 1040 545 iurando
1071 506 1160 545 iure
1182 505 1285 544 male
1315 518 1401 544 rem
1422 509 1635 558 quaerunt,

1367 574 1485 615 audi:

280 643 370 682 Nisi
402 645 587 684 carnaria
616 646 695 685 tria
726 645 895 696 gravida
925 645 1135 695 tegoribus
1167 657 1289 685 onere
1321 644 1436 684 uberi
1468 645 1589 684 hodie

282 714 385 752 Mihi
418 718 549 765 erunt,
582 729 670 756 cras
690 720 742 765 te,
776 715 892 770 quasi
915 715 1077 755 Dircam
1110 715 1206 756 olim
1237 719 1283 755 ut
1313 719 1539 755 memorant
1559 704 1637 754 duo

1235 785 1348 835 gnati
1379 784 1491 824 Iovis

283 852 517 903 Devinxere
561 856 610 895 ad
656 859 838 905 taurum,
879 855 978 896 item
1018 855 1139 895 hodie
1172 854 1444 905 constringam
1474 854 1524 893 ad
1554 867 1637 894 car-

1317 924 1487 974 narium,

282 993 329 1031 Id
359 993 435 1033 tibi
466 997 648 1046 profecto
679 1000 818 1036 taurus
848 996 930 1035 fiet.

221 1062 314 1101 Hoc
345 1067 501 1114 spectat
536 1066 589 1105 ad
617 1065 765 1105 Dircae
796 1064 1039 1117 supplicium
1080 1064 1123 1103 in
1156 1064 1365 1116 Euripidis
1395 1064 1576 1116 Antiope
1607 1076 1699 1103 nar-

221 1136 377 1183 ratum,
425 1135 473 1174 cf.
517 1136 705 1187 Apollod.
746 1135 940 1175 Biblioth.
979 1135 1061 1175 ΙΠ.
1095 1139 1140 1184 5,
1182 1138 1218 1175 5.
1265 1134 1306 1174 οἳ
1348 1131 1391 1174 δὲ
1422 1128 1698 1187 ἆναγνωρισά-

223 1215 337 1250 μενοι
380 1198 452 1253 τήν
491 1202 641 1256 μητέρα
679 1200 751 1244 τὸν
786 1201 859 1255 μὲν
896 1199 1041 1243 Λύκον
1083 1202 1306 1253 κτείνουσι,
1352 1199 1426 1254 τήν
1468 1201 1510 1243 δὲ
1543 1202 1697 1257 Δίρκην

224 1265 418 1321 δήσαντες
459 1270 503 1312 ἐκ
550 1269 703 1326 ταύρου
744 1274 958 1313 θανοῦσαν
1002 1288 1084 1327 eqs.
1132 1275 1244 1315 Idem
1285 1274 1476 1314 tractavit
1517 1274 1699 1314 Eubulus

225 1340 267 1378 in
300 1342 479 1393 Antiope
512 1344 737 1393 comoedia,
784 1357 865 1397 qua
893 1343 1101 1394 Euripidis
1140 1343 1319 1383 fabulam
1350 1344 1493 1383 lusisse
1522 1344 1698 1384 videtur.

341 1411 442 1451 Tum
481 1413 524 1452 in
566 1426 687 1454 versu
721 1416 802 1453 869
842 1413 1025 1466 procedit
1061 1427 1215 1466 coquus
1254 1416 1377 1467 atque
1416 1413 1612 1465 gloriatur
1643 1427 1697 1464 se,

222 1484 268 1520 ut
299 1481 482 1521 Medeam
513 1483 690 1533 Peliam,
732 1484 791 1524 ita
826 1484 1051 1524 Ballionem
1082 1484 1386 1524 medicamentis
1416 1497 1555 1523 rursus
1584 1483 1698 1524 iuve-

222 1564 316 1590 nem
345 1554 595 1594 redditurum
628 1568 739 1594 esse:

434 1623 542 1662 Item
571 1627 618 1664 ut
648 1626 790 1664 Medea
819 1624 973 1664 Peliam
1005 1624 1231 1677 conquoxit
1259 1636 1396 1663 senem
1428 1654 1608 1664 .....

436 1692 540 1731 Item
572 1706 647 1744 ego
678 1696 719 1733 te
748 1693 867 1733 facio.

340 1762 380 1801 Si
425 1763 501 1802 hac
540 1763 582 1802 in
626 1776 670 1803 re
701 1764 870 1803 Plautus
908 1764 1007 1804 lusit
1049 1764 1201 1811 sciens,
1248 1762 1352 1803 sicut
1398 1763 1531 1803 voluit
1560 1764 1698 1803 Oame-

222 1832 377 1881 rarius,
420 1846 511 1872 cum
543 1846 617 1885 pro
658 1836 820 1872 Aesone
852 1833 1008 1872 Peliam
1048 1835 1220 1885 poneret
1250 1855 1305 1860 —
1338 1832 1482 1871 Medea
1512 1832 1620 1872 enim
1651 1836 1722 1872 ut-

224 1916 269 1941 re
300 1915 400 1943 vera
420 1904 625 1943 Aesonem
657 1916 709 1942 ex
730 1916 826 1943 sene
857 1903 1207 1943 adulescentulum
1227 1902 1337 1951 fecit,
1368 1902 1525 1942 Peliam
1555 1905 1692 1942 tamen

224 1971 333 2010 idem
353 1972 598 2011 beneficium
628 1972 812 2024 pollicita
841 1972 995 2013 auxilio
1027 1973 1202 2012 filiarum
1224 1971 1388 2012 necavit
1419 1995 1472 2000 ——
1505 1971 1540 2010 si
1569 1970 1698 2021 igitur

225 2041 409 2080 consulto
454 2042 622 2082 Plautus
673 2042 904 2092 significare
950 2043 1166 2091 voluisset,
1225 2055 1399 2096 coquum
1440 2039 1507 2080 his
1560 2041 1697 2081 verbis

225 2124 391 2162 operam
438 2112 604 2151 minime
648 2112 912 2151 adiutabilem
943 2112 1117 2152 Ballioni
1163 2112 1423 2163 promittere,
1467 2110 1541 2151 vix
1582 2114 1694 2162 puto,

222 2180 351 2220 ullum
382 2185 653 2233 spectatorem
683 2182 804 2221 huius
834 2181 914 2221 ioci
947 2195 1139 2221 cacumen
1172 2193 1384 2220 sensurum
1413 2179 1549 2219 fuisse.
1611 2180 1696 2219 Ita-

227 2264 304 2303 que
345 2255 432 2290 tota
471 2265 537 2291 res
579 2265 629 2291 ex
662 2251 817 2291 Graeco
860 2252 1082 2303 exemplari
1124 2251 1286 2302 pendet.
1348 2250 1426 2289 Sed
1456 2253 1593 2301 potest
1622 2250 1696 2288 ali-

227 2319 317 2372 quis
350 2321 521 2369 obverti,
554 2321 660 2374 quod
686 2320 825 2361 Cicero
858 2334 1021 2375 quoque
1051 2320 1095 2359 in
1127 2320 1176 2359 de
1207 2323 1414 2360 senectute
1444 2318 1536 2359 libr.
1571 2318 1593 2372 ἓ
1618 2321 1694 2358 83:

226 2403 305 2443 quo
339 2389 502 2443 quidem
534 2404 598 2429 me
619 2390 945 2442 proficiscentem
976 2390 1086 2429 haud
1111 2403 1208 2429 sane
1240 2390 1331 2444 quis
1362 2389 1482 2429 facile
1512 2392 1695 2429 retraxe-

222 2459 280 2499 rit
322 2472 398 2499 nec
440 2463 648 2513 tamquam
690 2460 846 2500 Peliam
887 2459 1117 2501 recoxerit:
1160 2461 1328 2500 eandem
1367 2473 1455 2499 rem
1497 2458 1695 2499 narravit.

221 2531 280 2570 At
311 2530 418 2570 sicut
449 2529 589 2570 Cicero
621 2530 815 2569 memoria
846 2531 1039 2582 deceptus
1070 2544 1159 2570 esse
1188 2531 1374 2582 videtur,
1415 2529 1474 2569 sic
1504 2528 1695 2568 Plautum

223 2613 385 2654 quoque
436 2601 479 2639 in
526 2600 699 2640 eundem
743 2613 920 2640 errorem
962 2599 1154 2640 incidisse
1210 2604 1389 2641 statuere
1432 2598 1542 2638 licet.
1612 2597 1691 2637 Sed

221 2683 388 2720 vereor,
431 2684 482 2710 ne
512 2669 721 2711 Ciceronis
763 2670 899 2721 potius
931 2683 1045 2710 error
1086 2684 1107 2710 e
1138 2674 1277 2711 nostro
1324 2670 1414 2710 loco
1460 2671 1581 2707 natus
1627 2666 1693 2715 sit,
